2007 2635
986 240 1004 269 8

368 336 393 356 c.
418 324 474 366 IL]
498 327 528 356 et
551 324 711 355 VVelcker.
736 323 794 364 Ep.
821 323 905 363 Cyel.
931 322 965 353 T.
990 323 1013 360 I,
1038 334 1067 364 p.
1092 323 1155 354 340
1178 334 1246 364 sqq.

369 369 421 399 vix
445 368 644 409 potuerunt]
690 367 773 397 Laus
797 376 860 406 qua
882 366 912 397 h.
937 366 957 396 l.
982 366 1171 397 Homeridae
1195 377 1217 396 s.
1247 366 1395 406 rliapsodi
1430 369 1598 404 ornantur,
1636 380 1701 399 11011

282 413 432 443 virtutem
455 411 614 452 quandam
638 412 748 441 cautus
771 420 794 439 s.
820 419 949 450 poeseos
981 420 1090 440 eorum
1115 409 1207 450 plane
1230 409 1423 450 singularem
1457 410 1615 447 continet,
1648 412 1701 442 sed

282 456 328 486 ita
350 455 460 492 habet,
495 456 531 484 ut
562 454 599 485 de
623 453 766 494 quolibet
797 454 890 492 poeta
920 452 1003 483 bono
1035 452 1170 493 proferri
1201 453 1318 493 possit:
1354 454 1428 483 suut
1461 452 1544 482 enim
1573 452 1704 493 ῥαπτῶν

281 498 387 528 ἐπέων
410 497 517 528 ἀοιδοί
540 496 707 528 verborum
731 497 877 526 cantores
899 497 984 526 arcte
1007 496 1090 526 inter
1112 506 1144 526 se
1168 506 1333 531 nexorum,
1358 495 1377 526 i.
1402 507 1427 526 e.
1455 497 1613 533 cantores,
1648 498 1702 537 qui

282 543 379 572 cantu
404 541 571 571 verborum
595 540 707 570 seriem
730 538 837 573 edunt,
862 538 1084 569 modulantur:
1109 538 1147 569 cf.
1172 538 1276 568 ἐπέων
1300 539 1395 577 στίχες
1417 537 1509 578 Pyth.
1534 538 1589 575 IV,
1605 540 1645 570 57
1671 542 1703 571 et

282 596 363 625 quae
396 594 455 625 ego
486 584 519 614 in
550 582 665 614 Philol.
691 581 726 612 T.
758 580 882 618 XVIII,
907 593 937 622 p.
962 583 1024 612 244
1054 582 1223 622 disputavi.
1273 581 1419 612 Ceterum
1449 592 1486 611 ex
1517 580 1631 612 Scholl.
1664 583 1704 614 ad

283 627 374 658 Pind.
398 627 506 657 Isthm.
529 626 585 662 IV,
610 626 650 656 63
675 636 702 655 v.
727 624 747 654 1.
772 622 870 662 ἀοιδᾷ
901 624 1048 661 affertur3
1079 625 1116 655 de
1139 625 1227 665 cujus
1258 625 1317 655 fide
1341 625 1366 655 si
1391 625 1502 656 melius
1530 628 1700 663 constaret,

282 672 388 711 posset
410 670 446 701 de
469 681 505 701 ea
528 668 709 709 recipienda
733 667 878 708 cogitari.

910 718 985 760 Pag.
1012 719 1083 750 372.

368 772 391 809 I,
417 773 461 812 8.]
509 770 739 810 Καταβολᾶν
762 770 799 802 ad
817 782 845 801 v.
862 770 1011 810 ἄρχονται
1035 782 1062 801 ν.
1077 771 1096 801 3
1119 772 1250 812 spectat.
1264 790 1302 792 —
1327 770 1424 801 Recte
1436 770 1549 801 Scholl.
1564 771 1603 802 ad
1623 771 1652 802 h.
1666 772 1703 802 l.:

282 816 336 856 τὴν
360 814 460 856 ἀρχὴν
483 815 599 845 καὶτὸν
624 813 777 853 θεμέλιον
799 815 860 843 τῶν
878 811 971 854 ἱερῶν
994 812 1130 851 α’γώνων
1145 812 1210 844 α’πὸ
1234 816 1289 844 τοῦ
1299 815 1374 849 Διὸς
1396 815 1573 853 πεποίηται,
1597 816 1703 854 Νέμεα

281 858 410 899 νικήσας
432 860 565 898 πρῶτον,
590 857 672 888 1111(16
696 868 768 887 cum
791 856 931 897 Bergkio
952 857 991 888 ad
1013 857 1043 887 h.
1060 857 1080 887 l.
1106 858 1344 897 νικαφορὶαν
1367 857 1567 888 scribendum
1591 863 1646 888 est.
1664 877 1702 880 —

281 902 451 942 Jungenda
473 902 548 931 sunt
571 912 619 931 vv.
641 899 824 939 καταβολὰν
845 899 940 938 ἱερῶν
963 899 1159 938 οἷγώνων.-
1182 902 1345 940 πρῶτον,
1370 902 1453 930 reete
1476 911 1533 940 pro
1548 901 1704 932 adiectivo

283 944 411 984 πρώταν
434 944 608 984 repositum
631 945 695 974 est:
730 943 826 983 Tyeh.
852 942 1038 974 Mommsen.
1073 943 1112 973 ad
1142 943 1170 974 h.
1196 943 1216 973 l.
1241 943 1278 973 de
1308 943 1364 973 hac
1392 954 1425 973 re
1456 942 1531 973 haee
1563 945 1703 985 scripsit:

286 999 413 1019 »amans
435 989 482 1018 est
507 989 600 1028 poeta
623 986 780 1023 adverbii,
812 997 876 1028 non
906 986 1053 1026 adjectivi
1086 997 1143 1027 pro
1171 986 1319 1017 adverbio
1351 986 1462 1027 positi:
1494 986 1532 1017 cf.
1557 998 1601 1018 vs.
1628 989 1702 1019 162«

283 1032 351 1062 add.
365 1031 504 1062 eiusdem
517 1030 689 1071 disputatio
713 1030 747 1060 111
760 1029 882 1060 Aimot.
903 1029 972 1060 crit.
989 1029 1143 1070 supplem.
1162 1029 1196 1059 111
1207 1029 1297 1060 Ρ111(1,
1312 1028 1436 1070 Olymp.
1454 1029 1522 1066 VH,
1535 1030 1586 1067 47,
1603 1042 1632 1072 p.
1655 1032 1703 1063 73.

369 1094 398 1124 p.
424 1083 512 1122 377]
541 1083 573 1113 et
595 1081 671 1112 ΕΓΗ.
697 1081 842 1112 Curtium
866 1080 1040 1122 Pelopomi.
1065 1080 1101 1111 T.
1125 1080 1163 1117 II,
1189 1093 1217 1122 p.
1244 1082 1314 1112 509.
1342 1082 1412 1111 588.

369 1135 469 1175 eritt]
504 1133 634 1165 Rectius
657 1144 727 1164 mea
751 1133 909 1164 sententia
932 1133 971 1163 ad
995 1144 1022 1163 v.
1046 1131 1177 1173 ὀφείλει,
1201 1135 1237 1163 ut
1260 1144 1357 1164 nexus
1380 1134 1529 1174 postulat,
1553 1134 1603 1165 ὅδ’
1625 1135 1707 1178 ἀνήρ

282 1178 500 1219 supplebitur:
533 1177 711 1208 membrum
741 1177 848 1206 autem
877 1175 912 1206 ἐν
934 1177 1090 1206 Πυθίοισι
1116 1200 1122 1206 .
1147 1198 1154 1206 .
1177 1175 1268 1206 παῖδ’
1297 1176 1336 1206 ab
1365 1188 1392 1207 v.
1421 1176 1470 1206 δεῖ
1498 1179 1615 1218 pendet
1637 1190 1653 1210 e
1677 1191 1704 1211 v.

283 1221 404 1262 ὀφείλει
435 1220 605 1252 eliciendo:
639 1220 677 1250 ef.
711 1219 824 1249 Matth.
849 1218 902 1250 Gr.
935 1218 987 1249 Gr.
1019 1230 1049 1259 p.
1075 1219 1166 1249 1529.
1191 1238 1229 1240 —
1268 1221 1367 1255 Ταῖς
1399 1220 1617 1260 μεγάλαις,
1641 1228 1708 1260 ταῖς

280 1264 529 1296 demonstrative
548 1264 676 1300 dietum,
699 1273 761 1303 quo
779 1273 874 1293 sensu
893 1262 976 1303 apud
991 1261 1162 1292 Pindarum
1178 1262 1330 1293 articulus
1347 1264 1419 1293 ante
1434 1265 1564 1295 nomina
1578 1267 1707 1307 propria

285 1308 458 1339 collocatus
488 1318 580 1347 saepe
608 1306 787 1337 invenitur:
821 1316 848 1335 v.
874 1305 970 1345 Tych.
995 1304 1180 1336 Mommsen.
1206 1306 1240 1335 in
1262 1305 1386 1337 Welck.
1412 1308 1442 1336 et
1468 1306 1600 1339 Ritschl.
1624 1309 1705 1341 Mus.

284 1351 385 1382 Rhen.
413 1350 448 1381 T.
463 1350 517 1387 IV,
542 1362 571 1390 p.
585 1350 647 1380 549
659 1360 703 1390 sq.
752 1349 898 1380 Ceterum
922 1359 959 1379 ex
982 1348 1122 1389 epitheto
1144 1347 1297 1387 μεγάλαις
1319 1360 1443 1380 carmen
1466 1353 1611 1382 nostrum
1634 1355 1707 1384 ante

285 1405 428 1468 {ugllssm
450 1393 656 1467 {alpminialni
681 1392 890 1466 ἓοῗροεῇῑὲω
884 1402 985 1465 111613,εῆ
1003 1391 1129 1464 610111ἧο,
1154 1402 1181 1421 v.
1201 1391 1405 1465 ΓΡΙ1(1)1ᾶ.Ρ)Ῑέ11,
1430 1392 1499 1431 VH,
1526 1395 1552 1425 1.
1578 1395 1704 1437 Dithyi..

301 1449 323 1468 r.
397 1462 403 1467 .
493 1449 503 1467 1
520 1447 553 1467 61·
578 1447 622 1466 111(
633 1447 680 1466 ica
749 1446 818 1476 eop.
843 1445 882 1465 »0
939 1445 961 1465 1(
989 1459 994 1465 .
1033 1459 1038 1464 .
1064 1445 1092 1465 cl
1110 1459 1116 1464 .
1142 1446 1171 1475 p.
1198 1447 1216 1465 ο
1243 1457 1270 1465 ..

369 1489 489 1529 simul]
534 1488 635 1518 Immo
658 1488 776 1525 crebro,
798 1488 988 1527 frequenter,
1013 1498 1041 1516 v.
1068 1486 1160 1517 Nem.
1183 1486 1207 1523 I,
1233 1487 1282 1517 17.

372 1553 401 1582 p.
427 1542 513 1581 188]
559 1540 639 1571 Add.
665 1539 893 1570 Schneidewin.
928 1540 966 1570 ad
994 1539 1082 1579 Ibyci
1114 1538 1193 1570 Rell.
1224 1551 1253 1580 p.
1288 1540 1347 1570 145
1371 1551 1416 1580 sq.
1443 1558 1480 1560 —
1514 1542 1704 1579 Νεῖσθαι,

286 1585 430 1616 incedere
454 1585 487 1615 in
511 1584 609 1619 coelo,
633 1583 838 1623 Lamprocles
862 1583 980 1614 Athen.
1005 1582 1058 1618 XI,
1084 1593 1113 1623 p.
1138 1583 1197 1613 491
1225 1582 1247 1614 C
1270 1583 1307 1613 (16
1324 1582 1514 1620 Pleiadibus,
1537 1587 1573 1614 αἳ
1595 1596 1625 1614 τε
1647 1596 1708 1615 πο-

284 1632 394 1662 ταναῖς
410 1626 591 1666 Ὁμώνυμοι
620 1625 782 1656 πελειάσιν
814 1625 924 1666 αἰθέρι
948 1627 1074 1661 veto-92,
1108 1627 1144 1655 ut
1173 1636 1211 1656 ex
1239 1625 1276 1656 A.
1302 1625 1453 1656 Meinekii
1487 1628 1706 1660 emendatione

286 1671 503 1702 scribendum:
538 1681 566 1700 v.
591 1669 686 1700 Mein.
712 1669 825 1699 Philol.
849 1669 978 1700 Exeree.
1002 1669 1036 1699 in
1060 1668 1176 1699 Athen.
1201 1668 1352 1709 Deipnos.
1377 1668 1429 1710 Sp.
1454 1668 1492 1700 Π,
1517 1681 1546 1711 p.
1572 1671 1621 1701 21.

372 1725 406 1753 ut
429 1723 523 1753 vides.
547 1722 601 1762 —]
639 1721 749 1751 Φῶτα
771 1721 973 1759 μαχατάν,
997 1721 1033 1750 ut
1055 1719 1177 1759 ἄνδρας
1197 1720 1339 1760 μαχητάς
1361 1720 1454 1752 Hom.
1468 1722 1503 1753 Il.
1530 1724 1565 1759 Σ,
1580 1724 1651 1755 261.
1667 1744 1703 1747 -

285 1765 481 1804 Δυνατός,
516 1765 545 1795 h.
569 1765 590 1795 l.
624 1764 757 1795 duarum
789 1765 1066 1799 terminationum,
1101 1763 1185 1804 quod
1212 1764 1416 1795 rarissimum.
1443 1784 1481 1787 —
1519 1767 1705 1805 Αἴαντος,

286 1808 445 1840 Salamine
468 1808 560 1839 Aiaci
584 1809 695 1848 utpote
719 1807 840 1837 insulae
877 1808 1012 1848 patrono
1043 1806 1198 1847 templum
1230 1818 1301 1837 011111
1324 1807 1405 1838 festo
1437 1809 1599 1840 conditum
1629 1813 1706 1847 erat,

288 1852 422 1883 Pausan.
450 1853 479 1888 1,
505 1852 559 1888 35,
585 1852 613 1888 2,
640 1861 775 1891 quocum
798 1850 837 1881 ef.
863 1850 1025 1881 Welekeri
1047 1849 1175 1890 Scriptt.
1199 1848 1313 1880 Minor.
1339 1850 1373 1881 T.
1398 1851 1442 1888 Π,
1473 1864 1502 1893 p.
1528 1853 1608 1885 276:
1637 1854 1707 1886 add.

289 1895 381 1927 Nem.
405 1895 461 1932 IV,
487 1895 538 1925 48.

377 1948 437 1978 129
461 1946 545 1987 sqq.]
568 1945 652 1976 Hine
676 1945 789 1976 Martis
812 1945 916 1976 cultus
939 1945 1022 1986 apud
1045 1944 1264 1975 Acharnenses
1294 1945 1489 1978 celebratus:
1522 1960 1550 1980 v.
1574 1950 1707 1991 inserip-

287 1991 408 2021 tionem
431 1989 515 2031 apud
538 1989 628 2020 Ross.
654 1989 673 2018 l.
699 1999 724 2019 e.
749 2000 778 2029 p.
805 1989 855 2020 62.

912 2040 989 2071 Patr.
1015 2040 1086 2070 373.

374 2092 428 2130 III,
443 2093 509 2133 25]
527 2091 536 2102 ¹
547 2093 610 2134 Υψ
620 2093 685 2132 ιμέ
696 2091 741 2122 do
754 2102 824 2128 ντι,
849 2065 1023 2123 Schollead
1040 2091 1071 2121 h.
1085 2092 1120 2122 1.:
1145 2094 1392 2132 καταχρηστικῶς
1407 2091 1473 2123 α’ντῐ
1489 2097 1544 2125 τοῦ
1561 2094 1710 2138 ὑψηλοῦ.-

289 2136 404 2167 reetius
429 2135 564 2176 Hesych.
589 2148 612 2166 s.
636 2147 664 2166 v.
689 2135 826 2176 explieat
853 2135 888 2165 ἐν
918 2135 996 2176 ὕψει
1026 2133 1212 2172 βασιλεύων,
1247 2135 1281 2165 in
1304 2135 1367 2166 alto
1391 2147 1542 2177 regnans,
1568 2141 1710 2179 quando·

288 2179 415 2219 quidem
438 2178 596 2210 Parnasus
625 2180 721 2220 caput
751 2178 815 2209 alte
846 2180 877 2209 et
907 2189 1001 2219 supra
1032 2179 1156 2208 montes
1190 2178 1309 2209 vicinos
1344 2179 1484 2217 extollit,
1520 2193 1547 2212 v.
1574 2182 1708 2215 Uiriehs.

291 2222 399 2253 Itiner.
428 2221 536 2254 Graec.
561 2222 597 2252 T.
626 2221 650 2259 Ι,
675 2233 704 2262 p.
731 2222 802 2252 235.
828 2222 900 2252 247.
