2007 2635
947 295 964 303 ,-

952 306 960 325 ί

873 380 916 411 Pa
943 405 949 411 .
975 382 1046 412 368.

338 422 376 459 V.
405 423 468 464 13.]
513 423 560 454 De
584 423 765 454 hominibus
787 391 941 464 improbi}
963 424 1003 454 ab
1026 423 1161 454 Hercule
1192 422 1358 453 trucidatis
1379 434 1407 453 v.
1432 433 1511 463 quae
1536 433 1668 464 conges-

252 468 360 498 serunt
391 465 542 502 Gerhard,
574 465 686 497 Select.
720 467 794 497 Vas.
824 467 947 508 Imagg.
980 467 1034 498 Gr.
1068 465 1172 502 T.11‚
1204 476 1233 506 p.
1266 466 1317 496 94.
1348 467 1408 497 198
1445 468 1476 496 et
1507 465 1666 497 Welcker.

251 509 384 550 Mythol.
408 509 462 539 Gr.
489 509 536 545 Π,
565 519 594 549 p.
623 509 683 540 755
706 520 767 550 sq.:
799 520 870 540 cum
903 510 1031 541 Pindari
1063 509 1167 540 verbis
1195 507 1234 539 cf.
1263 507 1358 549 Soph.
1389 508 1534 539 Trachin.
1570 509 1666 539 1010:

251 551 360 593 α’νέρες
383 552 437 587 οὓς
459 551 497 593 δὴ
521 550 633 581 Πολλὰ
656 554 715 592 μὲν
737 552 772 582 ἐν
793 553 915 593 πόντῳ,
948 552 1030 582 κατά
1052 564 1082 582 τε
1104 551 1179 592 δρία
1210 550 1315 581 πάντα
1347 553 1517 590 καθαίρων
1541 550 1667 582 Ὠλεκό-

250 606 316 635 μαν
338 595 400 626 κτλ.

336 639 376 669 ab
398 637 607 678 Hermanno,]
635 639 667 668 et
689 638 852 669 Demosth.
877 650 920 669 or.
944 649 1002 679 pro
1026 649 1130 669 coron.
1154 638 1181 677 ξ.
1208 637 1244 668 71
1275 637 1410 677 πότερον
1432 638 1576 678 φανῆναί
1598 648 1668 668 τινα

249 682 304 712 τὸν
324 683 421 712 ταῦτα
444 679 626 710 κωλύσοντα
648 686 752 711 ποιεῖν
773 681 876 721 ἐχρῆν,
899 682 953 712 ubi
977 693 1004 712 V.
1023 681 1202 713 Dissenum.

336 736 365 765 p.
388 724 476 763 314.]
521 723 615 754 Codd.
639 725 749 763 μόρον,
773 725 856 756 1111(18
874 725 990 765 Bergk.
1016 725 1055 755 ad
1077 724 1106 754 h.
1132 724 1151 754 1.
1176 728 1230 752 καί
1251 723 1668 762 τινι...στείχοντι..μόρον

249 768 394 803 coniecit,
417 766 502 807 quod
519 767 804 798 Rauchensteinius
827 768 950 809 probat.
998 768 1060 798 Καί
1081 778 1150 797 τινα
1164 789 1171 796 .
1186 790 1192 796 .
1206 765 1339 795 παύσειν
1361 764 1462 805 μόρον
1487 766 1667 807 conjectura

249 812 297 841 est
319 810 471 841 Ahrentis
494 809 606 840 Philol.
633 810 668 840 T.
693 810 779 847 XVI,
804 822 833 851 p.
858 812 908 847 56,
931 810 1052 847 γεύσειν
1073 812 1176 849 μόρον
1199 809 1295 849 Tych.
1320 808 1508 839 Mommseni
1531 809 1568 839 ad
1592 809 1620 839 h.
1646 809 1666 839 l.

871 853 915 884 Pa
941 877 947 883 .
972 855 1043 884 369.

335 896 510 936 Potidaea]
558 895 661 926 »Nam
689 896 722 927 in
751 896 879 927 Pallene
903 864 1169 937 (figantomaehia
1198 895 1294 936 vulgo
1323 894 1460 925 traditur
1482 894 1596 926 fuisse:
1626 896 1666 926 of.

252 939 400 970 Eudoxus
423 939 456 969 in
481 938 595 970 Scholl.
621 939 659 970 ad
683 939 788 980 Apoll.
816 940 916 971 Rhod.
941 939 1003 972 ΠΙ,
1028 940 1090 970 254
1114 940 1145 969 et
1168 938 1315 979 Ephorus
1337 938 1421 978 apud
1448 937 1567 969 Theon.
1592 937 1670 969 Pro-

251 993 359 1023 gymn.
385 994 410 1013 c.
435 983 454 1012 6
478 993 508 1022 p.
533 983 592 1013 221
618 981 720 1013 Walz.
746 985 778 1014 et
801 982 958 1023 Scymnus
981 982 1075 1013 Chius
1098 993 1141 1012 VS.
1167 982 1229 1012 634
1253 983 1285 1011 et
1308 980 1464 1021 Lycophr.
1489 981 1571 1012 Cass.
1598 982 1667 1012 127.

253 1026 334 1056 1407
366 1028 397 1056 et
426 1024 573 1065 Apollod.
597 1025 628 1061 I,
654 1026 687 1062 6,
714 1027 728 1056 1
753 1028 785 1057 et
807 1026 911 1057 Strab.
937 1026 1085 1067 Excerpt.
1114 1025 1134 1055 l.
1159 1024 1233 1061 VH,
1266 1024 1319 1060 12,
1349 1035 1378 1064 p.
1403 1024 1475 1054 330.
1507 1024 1552 1055 Cf.
1577 1023 1608 1055 C.
1633 1024 1669 1056 O.

249 1068 383 1099 Mueller
415 1068 452 1099 de
476 1067 663 1099 Pallantidis
695 1069 727 1099 in
760 1068 913 1100 Gerhardi
945 1069 1026 1100 libro
1060 1068 1202 1108 Hyperb.
1232 1066 1486 1103 Rijm.Stud.1,
1511 1079 1540 1108 p.
1567 1068 1666 1098 2762»

249 1112 406 1143 Dissenus
428 1112 461 1141 in
485 1111 566 1142 Add.

335 1153 511 1195 ἤντιοίσας]
556 1154 764 1185 Accusat-ivus
787 1155 935 1185 audacius
959 1155 1089 1195 positus,
1114 1165 1142 1183 v.
1168 1153 1206 1183 ad
1231 1152 1319 1183 Pind.
1346 1152 1438 1192 Pyth.
1464 1152 1548 1189 VIII,
1576 1154 1615 1184 10
1638 1156 1670 1184 et

251 1197 377 1228 Disseni
399 1198 638 1228 annotationem
662 1198 699 1228 ad
724 1197 840 1228 Tibull.
865 1198 888 1234 I,
916 1199 944 1231 2,
968 1198 1017 1228 27.
1064 1197 1146 1232 Quid
1169 1196 1283 1227 Graeci
1306 1195 1339 1226 111
1361 1195 1480 1227 talibus
1504 1196 1570 1227 ausi
1593 1197 1668 1233 sint,

250 1242 411 1281 στρατείαν
434 1240 596 1280 ξυνῆλθον
618 1241 710 1271 docet
732 1241 815 1282 apud
839 1241 979 1281 Thucyd.
1004 1240 1027 1277 Ι,
1053 1241 1081 1277 3,
1105 1241 1134 1276 5,
1156 1239 1211 1270 ubi
1234 1250 1261 1269 v.
1285 1239 1424 1279 interpp.

336 1295 365 1325 p.
381 1284 468 1324 633]
500 1283 712 1320 Ἀντιοὲξωσιν
727 1284 886 1325 Bergkius
908 1285 945 1315 ad
962 1284 990 1314 h.
1005 1284 1025 1314 1.
1050 1283 1272 1323 corrigendum
1295 1283 1400 1322 putat:
1425 1281 1558 1314 fortasse
1573 1285 1669 1314 recte.

337 1327 384 1357 vel
407 1325 536 1367 αὐτῶν]
560 1326 708 1363 Minime;
731 1328 808 1365 γαίᾳ
830 1328 867 1358 (18
889 1329 984 1363 terra,
1008 1326 1108 1366 κόμην
1130 1326 1167 1357 (18
1189 1327 1292 1356 terrae
1311 1335 1400 1355 coma
1414 1325 1551 1367 intelligi
1566 1326 1669 1362 debet,

252 1369 375 1410 Dithyr.
390 1370 427 1400 fr.
445 1369 499 1407 ΙΙΙ,
520 1371 558 1400 15
581 1370 642 1400 τότ’
663 1370 715 1400 ἐπ’
737 1369 901 1410 ἄμβρόταν
921 1369 1016 1408 χθόν’
1039 1369 1155 1409 ἐρατὰν
1173 1368 1242 1398 Ἴων
1261 1367 1367 1408 φόβαι
1390 1366 1473 1408 ῥόδα
1495 1380 1524 1399 τε
1541 1370 1668 1409 κόμαισι

248 1414 402 1451 μίγνυται.
431 1413 549 1443 Verum
564 1413 626 1444 iam
640 1413 876 1444 Heimsoethius
892 1413 1011 1444 viderat
1023 1412 1103 1443 Add.
1117 1413 1148 1443 et
1160 1411 1281 1453 Corrig.
1295 1411 1329 1441 111
1342 1411 1433 1442 Ρ111(1.
1445 1412 1563 1442 Comm.
1578 1424 1606 1453 p.
1617 1413 1668 1444 49.

336 1456 477 1487 exhibito
500 1456 585 1496 diis]
631 1456 806 1487 Scholiasta
830 1468 957 1487 sensum
972 1457 1038 1487 sine
1062 1455 1158 1487 dubio
1177 1456 1261 1486 recte
1285 1454 1329 1484 sic
1344 1455 1487 1495 exponit:
1508 1458 1560 1484 καὶ
1580 1459 1669 1486 τοῦτο

249 1498 284 1528 δὲ
314 1504 466 1537 προεῖπεν
487 1498 503 1528 ὁ
533 1501 660 1538 μάντις,
693 1499 740 1530 ὅτι
762 1501 815 1529 καὶ
847 1502 900 1530 τοῦ
934 1499 1048 1529 λοιποῦ
1081 1497 1175 1533 αὐτὸς
1197 1497 1213 1527 ὁ
1238 1496 1395 1538 “Ηρακλῇς
1425 1497 1460 1527 ἐν
1488 1498 1593 1541 ,εἰρήνῃ
1616 1502 1669 1528 καὶ

248 1541 359 1581 ἠσυχίᾳ
383 1541 566 1577 διατελέσει,
590 1542 704 1582 ταύτην
726 1541 863 1582 α’μοιβὴν
885 1545 947 1572 τῶν
969 1541 1082 1572 ἑαυτοῦ
1104 1541 1213 1571 πόνων
1226 1539 1352 1579 λαβυίνι
1375 1541 1412 1571 (18
1435 1541 1571 1572 lectione
1595 1553 1668 1573 vero

249 1585 422 1621 dubitatur,
447 1597 474 1615 v.
500 1587 566 1616 not.
590 1586 688 1617 critic.
712 1587 750 1617 ad
773 1586 803 1616 h.
827 1586 846 1616 l.
872 1589 904 1617 et
926 1586 1052 1617 Goram.
1076 1586 1108 1615 in
1128 1584 1241 1615 Philol.
1265 1583 1301 1614 T.
1316 1583 1401 1619 XIV,
1426 1595 1455 1625 p.
1469 1585 1546 1621 253;
1571 1584 1669 1625 Tyoh.

249 1627 434 1659 Mommsen.
469 1629 581 1659 edidit:
605 1653 610 1659 .
635 1653 640 1659 .
667 1627 763 1659 αὖτόν
795 1630 862 1668 μὰν
892 1629 927 1659 ἐν
960 1629 1070 1669 1εἰρήνᾳ
1100 1628 1152 1658 τὸν
1182 1626 1309 1656 ἅπαντα
1341 1626 1457 1666 χρόνον
1483 1627 1547 1669 [ἐν]
1571 1630 1670 1669 σχερῷ

247 1669 379 1711 ἡσυχίαν
411 1671 561 1710 καμάτων
593 1671 739 1711 μεγάλων
774 1674 890 1702 ποινὰν
922 1672 1048 1710 λαχόντ’
1083 1670 1144 1701 κτλ,
1188 1690 1202 1691 ἡ
1241 1669 1283 1700 ἐν
1317 1672 1444 1711 σχερῷ
1477 1673 1533 1701 aut
1565 1673 1671 1712 potius

247 1713 391 1752 ἐνσχερώ,
417 1726 444 1744 v.
468 1714 616 1755 Apollon.
642 1715 814 1746 Alexandr.
838 1716 870 1746 in
894 1716 995 1746 Bekk.
1020 1714 1138 1746 Anecd.
1163 1713 1216 1744 Gr.
1240 1712 1278 1750 H,
1304 1724 1333 1754 p.
1355 1713 1426 1749 576,
1453 1715 1501 1750 14,
1525 1717 1670 1746 accurate

249 1757 386 1798 explicat
409 1758 609 1791 Doederlein.
633 1758 760 1789 Homer.
785 1758 886 1789 Gloss.
911 1759 949 1795 Π,
975 1771 1004 1790 n.
1032 1759 1102 1794 791,
1128 1769 1158 1798 p.
1183 1757 1253 1787 227.

334 1800 480 1841 bellicis]
524 1801 562 1831 V.
588 1800 703 1840 δόμον,
735 1813 830 1842 quam
860 1802 979 1843 Bergk.
1007 1801 1098 1832 adh.
1122 1800 1142 1830 l.
1176 1800 1209 1830 111
1237 1800 1308 1838 βίον
1338 1799 1523 1830 mutandam
1554 1803 1669 1838 censet,

250 1843 395 1874 Pauwius
418 1846 502 1875 recte
531 1845 563 1875 in
588 1844 706 1883 νόμον
734 1845 887 1881 mutavit,
922 1846 959 1876 ut
988 1856 1025 1875 ex
1048 1843 1164 1875 Scholl.
1188 1842 1226 1873 ad
1249 1842 1278 1873 h.
1302 1843 1322 1873 l.
1353 1842 1450 1883 Tych.
1483 1842 1668 1875 Mommsen.

249 1886 287 1917 ad
312 1886 414 1917 Schol.
439 1886 590 1918 Germani
611 1888 645 1918 111
668 1888 759 1919 Ρ111(1.
785 1888 910 1930 Olymp.
936 1900 965 1929 p.
991 1887 1066 1918 VIII
1090 1885 1253 1927 probavit,
1277 1897 1315 1916 ex
1337 1886 1426 1916 cuius
1454 1886 1668 1927 disputatione

249 1929 323 1960 haec
346 1930 558 1961 transcribw
593 1931 720 1972 egregie
743 1932 858 1972 opinor
889 1934 980 1972 poeta
1006 1930 1176 1961 Herculem
1208 1940 1305 1970 quum
1327 1929 1361 1960 in
1384 1929 1514 1960 deorum
1538 1931 1671 1961 societaf-

248 1974 311 2003 tem
335 1973 528 2014 reciperetur
561 1976 702 2005 sanctam
732 1974 834 2016 legem
864 1986 926 2015 qua
949 1975 1025 2005 haee
1048 1973 1182 2004 societas
1212 1974 1376 2013 regeretur
1404 1973 1551 2013 probasse
1576 1977 1670 2014 atque

248 2016 404 2056 accepisse
429 2016 534 2047 dicit».
582 2016 684 2048 Simili
707 2019 800 2049 modo
824 2017 916 2058 Pyth.
941 2017 987 2050 ΙΙ.
1012 2018 1052 2048 43
1076 2016 1111 2046 ἒν
1134 2016 1222 2046 θεῶν
1251 2017 1361 2055 νόμοις
1383 2016 1518 2052 dictum,
1551 2017 1605 2047 ubi
1629 2017 1669 2047 cs.

248 2070 329 2099 quae
352 2058 503 2090 Dissenus
526 2060 628 2091 affert.

335 2101 444 2133 Placet
466 2102 659 2144 typographi
683 2114 775 2133 causa
797 2103 1073 2134 adnotatiunculas
1096 2102 1133 2133 ad
1158 2112 1283 2132 carmen
1308 2100 1400 2132 Nem.
1424 2101 1454 2132 Π
1477 2102 1626 2133 adiicere:

872 2146 948 2185 Pag.
974 2147 1046 2177 371.

336 2199 364 2228 p.
384 2189 468 2228 148]
492 2187 780 2219 Timodemidarum
803 2200 880 2229 gens
903 2186 999 2220 etiam
1023 2190 1096 2230 post
1119 2187 1290 2219 Pindarum
1314 2187 1470 2218 Acharnis
1493 2188 1615 2219 floruit:
1642 2201 1669 2220 v.

250 2230 485 2271 inscriptionem
512 2231 595 2261 circa
618 2231 665 2262 Ol.
691 2233 714 2262 (J
737 2234 896 2263 exaratam
921 2233 1002 2274 apud
1028 2232 1175 2263 Rossium
1198 2231 1235 2262 (18
1258 2231 1356 2261 demis
1376 2230 1474 2261 Attic.
1500 2242 1529 2272 p.
1554 2232 1604 2262 45.

336 2285 350 2304 e
370 2275 458 2314 final
484 2273 676 2305 Heimsoeth.
702 2275 782 2306 Add.
812 2277 844 2306 et
867 2276 952 2307 Corr.
979 2287 1008 2316 p.
1024 2276 1064 2306 30
1088 2277 1119 2306 et
1143 2274 1238 2315 Leop.
1264 2273 1413 2305 Schmidt.
1439 2274 1476 2305 de
1498 2274 1589 2305 Pind.
1616 2275 1669 2306 vit.

249 2319 281 2347 et
305 2327 398 2347 carm.
423 2329 453 2358 p.
478 2319 539 2348 51⁴5
563 2328 608 2357 sq.
633 2318 865 2349 contradicunt.
