2007 2635
963 157 990 196 4

130 269 279 318 quidam
307 269 443 318 lyricus
472 270 648 318 carpitur,
686 269 748 317 qui
775 269 812 303 in
841 269 992 305 victoria
1016 269 1218 318 Aeginetae
1240 269 1393 306 alicuius
1419 270 1637 307 celebranda
1663 271 1826 307 fabulam

129 333 172 370 de
201 334 316 369 Phoci
344 346 432 369 nece
467 341 640 370 tractasse
674 333 830 379 videtur,
872 333 1000 369 eodem
1036 334 1188 369 artificio
1215 333 1398 369 Pindarus
1435 334 1582 383 Olymp.
1610 336 1643 382 I,
1674 337 1719 371 52
1749 349 1826 384 sqq.

127 413 213 435 usus
240 406 302 445 est,
331 406 369 434 ut
390 399 462 435 alio
486 400 568 435 loco
596 407 761 435 accurate
785 399 994 446 ostendam3
1020 400 1125 435 tertia
1146 399 1303 446 (lenique
1325 413 1395 434 vss.
1415 400 1563 434 22α-39
1591 399 1829 436 domesticum

126 463 236 511 idque
270 464 529 512 gravissimum
557 465 656 501 Pelei
692 465 897 512 exemplum
925 465 1091 513 Pytheae
1127 465 1253 500 victori
1281 464 1428 512 eiusque
1457 464 1644 500 sodalibus
1671 465 1719 500 ad
1745 465 1827 501 imi-

126 527 278 562 tandum
305 529 531 576 proponitur,
570 529 701 577 quippe
730 528 828 576 quod
851 530 1023 577 praemiis
1050 529 1286 577 amplissimis
1315 542 1420 565 verae
1449 529 1590 565 virtutis
1618 530 1775 566 studium
1805 544 1827 566 a

127 592 204 627 (leis
233 593 385 640 rependi
411 594 597 642 praeclare
625 593 763 629 doceat.
818 595 895 630 Iam
917 595 1104 642 aptissime
1123 594 1233 629 trium
1253 594 1423 630 iuvenum
1452 594 1577 630 laudes
1598 595 1648 630 ita
1675 595 1824 630 subiun-

127 665 271 706 guntur,
299 665 337 693 ut
363 658 524 707 Pytheas
552 658 776 706 Euthymeni
803 660 1009 707 exemplum
1037 666 1273 707 proponatur,
1303 658 1526 694 Themistius
1549 672 1634 695 vero
1654 659 1826 707 Pytheae.

127 721 183 756 Ex
217 722 274 757 his
306 723 484 758 nonnulla
514 723 716 759 accuratius
756 732 965 772 persecutus
1002 738 1081 759 sum
1117 724 1154 758 in
1182 723 1332 758 Bitschl.
1368 731 1402 759 et
1429 724 1564 759 Welek.
1594 724 1685 759 Mus.
1711 724 1828 760 Rhen.

127 787 169 821 Τ.
197 787 316 832 XVII,
354 802 388 836 p.
419 790 489 823 368
520 802 616 836 sqq„
652 789 784 836 quibus
812 790 993 838 adiungas
1028 789 1136 824 velim
1167 802 1259 835 quae
1286 789 1470 836 praeclare
1499 788 1638 824 dehoc
1665 789 1827 825 carmine

126 852 458 888 Rauchensteinius
490 852 686 902 disputavit
712 854 832 890 Musei
853 855 995 891 Helvet.
1023 854 1115 890 Nov.
1142 855 1183 889 Τ.
1213 854 1276 895 Ill,
1305 868 1339 902 p.
1368 856 1441 889 <243
1467 867 1546 901 sqq.

870 970 960 1018 Pag.
993 972 1077 1006 412.

239 1049 328 1083 critt.
357 1047 412 1100 —-]
459 1049 670 1084 Pronomen
697 1046 735 1093 μ’
765 1057 848 1084 ante
876 1063 907 1084 v.
937 1050 1156 1095 ἐργάζῑ-σὲὶαι
1195 1048 1400 1084 eiciendum
1435 1061 1513 1083 esse
1539 1048 1580 1083 T.
1606 1048 1824 1084 Mommsen.

127 1112 231 1148 docet
245 1113 291 1148 ad
314 1112 447 1149 Scholl.
472 1114 595 1150 Germ.
624 1128 656 1162 p.
677 1114 743 1150 VII
767 1122 801 1150 et
828 1115 874 1150 ad
898 1115 934 1150 h.
958 1115 998 1150 l.:
1029 1115 1112 1150 add.
1135 1128 1227 1162 quae
1255 1128 1323 1161 ego
1352 1113 1481 1162 scripsi
1504 1113 1543 1147 in
1565 1112 1719 1161 Ephem.
1736 1112 1825 1148 Got-

126 1177 214 1226 ting.
244 1192 274 1212 a.
304 1179 579 1225 MDCCCLXI,
607 1193 662 1215 nr.
688 1181 745 1226 39,
776 1194 810 1228 p.
843 1182 950 1216 1545.
983 1203 1024 1208 —
1052 1182 1354 1228 ἐργιὶζὲσθαι,
1392 1178 1435 1213 (le
1463 1190 1571 1226 opere
1597 1177 1759 1225 poetico,
1793 1190 1826 1212 v.

125 1244 250 1280 Isthm.
279 1243 323 1289 II,
354 1246 412 1279 46.

236 1308 405 1360 Aegina]
459 1309 514 1344 De
539 1316 615 1346 arte
644 1310 832 1356 statuaria,
862 1324 933 1357 qua.
959 1318 1035 1345 tum
1064 1310 1265 1358 Aeginetae
1293 1308 1525 1352 excellerent,
1561 1320 1635 1343 non
1664 1320 1742 1343 esse
1766 1320 1826 1344 οο-

125 1373 316 1421 gitandum
336 1373 562 1410 Heimsoeth.
591 1374 613 1408 l.
643 1386 672 1409 0.
698 1388 732 1422 p.
752 1376 799 1409 22
827 1382 922 1410 recte
947 1374 1108 1409 monuit:
1137 1374 1207 1409 tale
1236 1373 1324 1421 quid
1347 1373 1377 1408 si
1406 1372 1579 1407 voluisset
1605 1380 1721 1421 poeta,
1749 1386 1827 1409 rem

126 1438 309 1486 quandam
342 1438 411 1474 arti
437 1439 674 1487 Aegineticae
709 1439 899 1489 propriam
923 1439 1091 1475 distincte
1124 1439 1333 1488 significare
1361 1437 1555 1474 debuisset.
1622 1437 1716 1473 Cum
1742 1437 1825 1473 Dis-

127 1518 211 1540 seno
237 1512 356 1539 tamen
384 1504 472 1539 facit
497 1503 635 1539 Goram
654 1504 787 1540 Philol.
815 1506 857 1540 Τ.
886 1505 985 1551 XIV,
1015 1519 1049 1554 p.
1077 1507 1163 1540 497.

228 1569 371 1604 scirent.
400 1568 459 1621 ——]
491 1573 622 1614 στεῖχ’
652 1573 789 1615 incede,
827 1571 871 1606 de
903 1571 1047 1605 incessu
1076 1568 1248 1613 solemni,
1278 1568 1400 1616 gravi:
1436 1567 1545 1615 Verg.
1574 1568 1664 1602 Aen.
1695 1569 1723 1611 l,
1753 1568 1824 1602 690

127 1641 158 1670 et
184 1648 303 1680 yresszc
330 1638 481 1681 {laudens
510 1637 632 1670 incedit
662 1637 734 1671 Iuli.
790 1636 960 1671 Ceterum
987 1635 1032 1670 (le
1060 1635 1188 1669 itinere
1211 1633 1406 1677 maritimo,
1437 1645 1506 1679 quo
1537 1632 1700 1666 carmina
1726 1631 1825 1667 insu-

127 1700 219 1735 lanis
248 1700 382 1748 scripta
411 1700 581 1735 exornari
610 1701 735 1747 solent,
764 1715 797 1736 v.
827 1700 978 1736 Goram.
1006 1701 1028 1735 l.
1054 1712 1082 1735 0.
1112 1715 1145 1749 p.
1174 1701 1259 1735 496.

875 1816 965 1865 Pag.
994 1817 1080 1851 413.

240 1901 420 1939 στέφανον.
451 1894 511 1947 -]
567 1895 622 1930 De
649 1895 851 1943 imperfecti
886 1902 962 1942 νίκη
998 1896 1118 1931 forma
1153 1910 1184 1930 v.
1211 1895 1366 1930 Ahrens.
1391 1893 1436 1928 D.
1467 1893 1553 1928 Dor.
1585 1907 1619 1941 p.
1650 1892 1740 1926 195:
1780 1889 1825 1926 de

128 1959 396 2007 significatione
425 1960 582 1996 Boeckh.
617 1960 664 1994 ad
690 1960 800 2009 Uorp.
829 1961 943 1996 Inscr.
973 1960 1036 1996 Gr.
1063 1961 1105 1995 Τ.
1135 1961 1168 2006 I,
1203 1974 1237 1995 n.
1266 1961 1337 1995 212
1364 1970 1461 2006 sqq.:
1499 1970 1642 1992 versum
1668 1955 1827 1991 Simoni-

128 2023 194 2068 dis,
221 2024 288 2073 Ep.
311 2025 458 2071 CCXII,
488 2027 506 2059 1
536 2024 720 2070 Schneid.,
748 2026 811 2060 ubi
838 2029 939 2072 ιἰκᾷν
962 2026 1161 2074 legebatur,
1192 2026 1369 2074 Bergkius
1396 2023 1570 2069 correxit,
1600 2022 1757 2069 denique
1784 2020 1829 2056 de

129 2096 307 2125 structura
333 2094 433 2125 νικᾶν
468 2097 639 2136 στέφανον
673 2105 705 2125 v.
734 2091 911 2128 qunderi
947 2105 1088 2128 censur.
1156 2091 1257 2126 Aiac.
1288 2090 1399 2139 Soph.
1437 2103 1458 2124 a
1486 2087 1645 2123 Lobeck.
1681 2085 1764 2121 edit.
1792 2100 1827 2135 p.

129 2156 174 2189 52
204 2169 281 2202 sqq.
310 2164 343 2191 et
365 2170 457 2204 quae
484 2157 531 2192 ad
554 2155 661 2191 Pind.
688 2156 793 2192 Nem.
822 2157 848 2203 I,
879 2160 924 2192 67
960 2157 998 2191 in
1024 2157 1155 2192 horum
1181 2155 1367 2191 Additam.
1397 2153 1553 2202 Specim.
1585 2154 1620 2197 I,
1649 2165 1683 2199 p.
1714 2153 1732 2186 7
1760 2163 1824 2185 an-

127 2221 344 2255 notavimus.

240 2284 412 2336 quidem]
466 2285 639 2322 Veterum
663 2287 986 2335 grammaticorum
1016 2287 1060 2322 (le
1088 2287 1159 2322 hoc
1188 2288 1268 2323 loco
1295 2284 1491 2322 sententias
1513 2282 1673 2318 referunt
1700 2279 1826 2316 scholl.

127 2348 174 2384 ad
201 2349 236 2384 h.
260 2349 295 2395 l.,
328 2350 390 2384 10:
428 2349 624 2397 ἀλληγορεῖ
658 2353 880 2396 βουλᾴιιενος
915 2355 1069 2397 σημῆναι
1110 2355 1168 2387 τὸν
1203 2351 1364 2397 ἀγένειον
1399 2350 1470 2385 ἀπὸ
1508 2351 1566 2394 τῆς
1592 2345 1827 2393 κυπριζούσης
