2007 2635
1019 204 1043 237 4

312 296 443 326 definite
466 295 678 334 distincteque
701 293 878 331 indicatur,
909 296 1106 335 quapropter
1129 295 1423 332 συναντόμεναι
1444 295 1645 327 scribendum
1671 307 1737 328 esse

313 339 435 370 conieci
458 337 573 369 Philol.
600 337 636 367 Τ.
660 337 782 374 XVIII,
807 348 838 378 p.
855 338 932 368 340:
961 349 988 368 v.
1014 338 1052 368 ad
1076 337 1168 368 Pind.
1192 335 1306 367 Isthm.
1328 336 1371 373 II,
1396 337 1424 368 2.
1471 337 1602 370 Viderat
1624 340 1738 371 vitium

314 383 411 413 etiam
435 381 743 417 Rauehensteinius,
778 381 832 420 qui
862 380 979 412 Philol.
1005 380 1041 412 Τ.
1065 380 1159 417 XIII,
1184 392 1214 421 p.
1236 380 1298 410 252
1330 379 1454 416 θέλξαν
1483 382 1738 422 συναπτόμεναι

284 446 287 451 -
315 425 516 456 scribendum
543 425 721 465 proposuit.
777 423 938 465 Bergkius
970 425 1003 455 in
1035 424 1131 455 tertia
1157 423 1347 464 Lyricorum
1376 422 1568 455 Graecorum
1599 426 1740 457 editione

314 469 479 510 vulgatam
515 467 657 499 retinuit.
717 466 831 498 Verte:
868 475 951 498 nam
983 468 1179 509 sapientes
1213 465 1403 497 Musarum
1433 467 1542 499 filiae
1573 470 1739 500 carmina

315 512 514 544 deleniunt
536 511 684 541 obviam
708 509 842 541 sactae.
867 523 907 533 —
955 510 1124 547 Θέλξαν,
1156 510 1323 540 mulcent
1350 511 1383 540 et
1405 511 1527 551 magica
1546 512 1686 552 *quadam
1708 513 1739 543 vi

317 556 498 591 deleniunt,
533 554 666 584 verbum
690 555 857 593 poetarum
880 554 986 595 potius
1010 565 1105 594 quam
1129 555 1306 584 ceterorum
1336 553 1545 594 scriptorum:
1579 555 1619 586 cf.
1644 555 1739 586 Hom.

315 598 372 630 Od.
397 607 424 635 6,
449 598 510 628 282
534 596 631 633 θέλγε
655 595 689 625 δὲ
714 596 822 635 θυμὸν
845 597 1023 635 Μειλιχίοις
1045 597 1206 631 ἐπέεσσιν,
1240 595 1331 627 Pind.
1357 596 1454 637 Pyth.
1478 597 1507 633 I,
1534 598 1572 628 12
1602 600 1635 629 et
1659 609 1740 639 quae

316 641 346 673 J.
369 641 410 672 H.
435 641 566 672 Vossius
590 640 629 670 ad
652 639 747 670 Hom.
772 640 802 670 h.
825 640 858 671 in
883 640 987 671 Cerer.
1011 641 1052 671 33
1079 640 1219 681 collegit.

402 683 539 724 Fracta]
585 682 680 714 Nunc
702 694 718 714 e
741 683 828 714 codd.
854 683 973 722 τεύχει
996 685 1172 724 repositum
1190 684 1248 719 est,
1271 682 1402 712 mollia
1425 682 1551 714 reddit
1573 685 1740 725 membra

316 739 411 768 aqua
442 727 580 757 calida:
613 728 746 767 propter
775 725 858 757 hanc
882 737 983 767 aquae
1006 728 1071 757 vim
1095 727 1265 758 salutarem
1288 726 1420 756 Herculi
1445 726 1553 757 labore
1577 730 1609 758 et
1632 728 1742 759 vulne-

317 772 406 802 ribus
429 769 577 801 confecto
600 769 745 800 Minerva
769 769 919 800 Himerae
943 771 1051 809 θερμὰ
1073 768 1191 808 λουτρά
1217 769 1376 800 condidit:
1401 780 1428 799 v.
1453 768 1579 811 Olymp.
1598 770 1668 807 XII,
1691 772 1739 802 19.

317 814 449 846 Accedit
471 813 556 854 quod
579 823 608 843 v.
633 814 768 851 τεύχειν,
803 813 888 853 quod
918 815 949 844 et
978 814 1082 854 ipsum
1113 824 1131 844 a
1153 813 1325 843 Plutarcho
1354 812 1413 843 hoc
1442 813 1512 843 1000
1535 813 1650 844 lectum
1674 825 1741 846 esse

316 858 479 898 Kayserus
502 855 606 887 Lectt.
630 855 722 886 Pind.
749 867 779 897 p.
802 857 838 887 71
864 857 1047 892 contendit,
1080 856 1236 887 Pindarus
1260 866 1352 897 saepe
1376 856 1487 886 utitur.

403 900 473 931 Del.
498 900 571 930 246.
597 898 649 940 —]
707 899 897 930 Pronomini
920 899 1048 936 τόσσον,
1080 901 1169 931 cuius
1194 900 1240 930 vis
1264 901 1360 940 atque
1384 899 1465 929 ratio
1490 910 1527 929 ex
1550 901 1741 932 anteceden-

316 944 403 974 tibus
426 944 529 984 patet.
563 943 720 973 adiectum
753 944 801 973 est
830 954 892 983 quo
926 943 1052 982 gravius
1085 945 1232 983 assurgat
1262 954 1318 984 per
1341 943 1605 973 exclamationem
1629 944 1741 982 oratio,

317 988 452 1017 alterum
480 988 613 1016 τόσσοντ
652 985 747 1016 Hom.
771 986 807 1016 Il.
832 987 876 1022 Ξ,
901 986 964 1017 394
995 986 1064 1016 οὔτε
1094 986 1263 1027 θαλάσσης
1293 988 1379 1025 κῦμα
1409 985 1526 1015 τόσον
1553 986 1640 1025 βοείᾳ
1671 989 1742 1017 ποτὶ

316 1034 428 1070 χέρσον
444 1054 451 1060 .
470 1054 477 1060 .
495 1055 502 1062 ,
529 1028 617 1071 [400]
642 1028 755 1069 τόσση
779 1029 845 1068 ἄρα
866 1030 986 1068 Τρώων
1008 1032 1061 1059 καὶ
1080 1029 1217 1068 Ἀχαιῶν
1239 1028 1348 1059 ἔπλετο
1367 1031 1471 1069 φωνή,
1496 1029 1550 1059 ubi
1566 1040 1594 1059 v.
1613 1030 1742 1061 Scholia

318 1074 457 1109 Veneta,
491 1073 532 1104 id.
558 1072 668 1112 Odyss.
694 1074 738 1109 Z,
764 1073 820 1103 301
857 1072 891 1103 οὗ
921 1074 979 1112 μὲν
1007 1072 1070 1112 γαρ
1097 1084 1124 1102 τι
1153 1073 1277 1102 ἐοικότα
1308 1077 1401 1102 τοῖσι
1431 1073 1569 1102 τέτυκται
1599 1076 1742 1112 Διιίματα

319 1116 490 1157 Φαιήκων,
525 1114 603 1151 οἷος
634 1114 734 1154 δόμος
761 1115 957 1146 ’Λλκινόοιοε
990 1116 1125 1147 Theocr.
1150 1116 1206 1151 IV,
1231 1117 1271 1147 39
1304 1115 1399 1146 ὅσσον
1428 1115 1513 1152 αἶγες
1543 1115 1613 1155 ἐμὶν
1637 1117 1742 1157 φίλαι,

319 1160 414 1190 ὅσσον
438 1158 594 1199 ἀπέσβης,
628 1169 821 1199 quamquam
844 1160 881 1190 de
906 1159 1000 1190 huius
1024 1160 1085 1190 loci
1116 1160 1301 1200 integritate
1325 1159 1393 1189 iure
1417 1159 1592 1196 dubitatur,
1617 1160 1742 1191 eodem-

318 1214 379 1244 que
410 1203 504 1234 modo
536 1204 696 1232 tantum
722 1226 728 1232 .
754 1227 760 1233 .
784 1205 948 1233 tantum
980 1205 1093 1244 poetae
1124 1203 1232 1233 Latini
1264 1203 1381 1243 passim
1409 1203 1568 1233 dixerunt.
1628 1203 1741 1244 Itaque

318 1258 382 1277 non
407 1247 484 1277 satis
508 1248 599 1276 caute
624 1245 821 1277 Scholiastae
844 1247 884 1277 ad
908 1246 940 1276 h.
956 1246 976 1276 1.
1000 1247 1175 1287 explicant:
1201 1245 1269 1276 οὐδ’
1293 1245 1392 1275 οὕτω
1416 1245 1452 1274 τά
1478 1245 1585 1284 θερμοὶ
1613 1245 1742 1287 λουτρὰ,

318 1292 410 1331 φησὶ,
433 1288 610 1329 μαλακύνει
633 1291 807 1329 κεκμηκότα
829 1294 904 1327 γυῖα
928 1293 981 1318 καὶ
1003 1291 1226 1330 πεπονημένα,
1251 1289 1343 1318 ὅσον
1366 1287 1383 1328 ἡ
1407 1287 1545 1326 εὐλογία.
1569 1289 1594 1328 ξ.
1685 1289 1742 1320 οὐκ

319 1334 360 1363 ἄν
384 1332 419 1362 δὲ
441 1333 639 1362 τοσοῦτον
669 1331 734 1362 a'rco‘
759 1334 884 1372 θερμοῦ
907 1332 1023 1368 ὕδατος
1047 1334 1066 1373 ἤ
1086 1332 1258 1372 βαλανείου
1282 1331 1461 1372 χαλασθείη
1484 1335 1536 1361 καὶ
1558 1331 1744 1375 μαλαχθείη

319 1379 410 1416 σῶμα
433 1374 599 1416 κεκμηκός,
631 1374 729 1405 ὅσον
755 1374 818 1406 ὑπὸ
841 1378 904 1405 τῶν
925 1376 1082 1413 ἐπαίνων,
1117 1387 1196 1417 quos
1226 1378 1335 1406 tamen
1365 1377 1491 1405 secutus
1515 1379 1563 1406 est
1587 1376 1741 1418 Krueger.

319 1420 372 1451 Gr.
398 1419 450 1450 Gr.
477 1419 512 1449 T.
536 1419 578 1455 II,
600 1420 626 1459 §-
644 1419 695 1455 25,
718 1420 746 1455 8,
767 1420 786 1449 4
809 1419 921 1449 τόσσον
944 1420 975 1450 h.
1000 1419 1020 1450 1.
1045 1431 1103 1460 pro
1127 1420 1203 1450 ὅσον
1226 1420 1286 1450 dici
1311 1420 1470 1449 statuens:
1495 1419 1627 1449 meliora
1652 1430 1744 1461 prae-

319 1464 373 1494 bet
397 1462 580 1493 Nitzschius
604 1463 725 1492 Annot.
750 1463 788 1493 ad
811 1462 906 1493 Hom.
932 1462 988 1494 Od.
1013 1462 1049 1493 T.
1074 1463 1114 1499 II,
1138 1475 1168 1504 p.
1186 1464 1261 1493 129:
1298 1463 1368 1493 add.
1391 1461 1530 1493 Meinek.
1555 1463 1594 1493 ad
1618 1463 1741 1494 Callim.

318 1507 347 1538 h.
374 1507 405 1537 in
431 1506 535 1547 Apoll.
563 1506 633 1536 106.
684 1504 751 1536 Nec
781 1517 856 1536 vero
886 1516 956 1536 cum
986 1510 1097 1537 nostro
1128 1506 1198 1537 loco
1228 1505 1405 1546 comparari
1428 1509 1562 1546 possunt
1585 1506 1679 1537 Hom.
1703 1507 1741 1538 Il.

318 1551 362 1586 Ξ,
377 1551 439 1580 294
463 1548 504 1584 ὡς
528 1548 557 1579 δ’
580 1548 656 1585 ἴδεν,
680 1548 722 1584 ὥς
744 1560 799 1588 μιν
824 1549 903 1589 ἔρως
925 1550 1060 1584 πυκινὰς
1082 1551 1202 1589 φρένας
1225 1547 1473 1588 ιὲμφεκιίλυψεν,
1498 1549 1630 1579 Theocr.
1645 1550 1686 1586 II,
1701 1551 1741 1581 82

318 1592 390 1632 χίὅς
410 1592 490 1630 ἴδον,
515 1591 557 1627 ὡς
579 1592 708 1632 ἕμοὶνην,
733 1592 775 1627 ὥς
796 1603 854 1631 μευ
876 1595 947 1633 περὶ
969 1593 1075 1631 θυμὸς
1097 1592 1208 1634 ἰάφθη
1221 1591 1379 1628 Δειλαίας,
1402 1592 1498 1631 Verg.
1515 1592 1581 1622 Ecl.
1595 1592 1684 1624 VIII.
1700 1594 1740 1624 41

320 1640 354 1668 ut
375 1637 443 1667 vidi
466 1639 501 1666 ut
527 1636 632 1675 perii,
668 1639 703 1666 ut
725 1646 773 1666 me
795 1636 899 1667 malus
921 1636 1052 1667 abstulit
1075 1647 1183 1674 error,
1216 1636 1253 1666 de
1277 1635 1392 1676 quibus
1414 1635 1453 1665 cf.
1479 1634 1679 1676 VVagnerum
1703 1637 1742 1668 ad

320 1680 418 1721 Verg.
443 1679 464 1709 l.
487 1690 513 1710 c.
538 1682 570 1710 et
593 1678 795 1719 Spitznerum
819 1679 859 1710 ad
880 1678 974 1709 Hom.
998 1679 1034 1710 Il.
1064 1681 1100 1715 T,
1129 1680 1176 1710 19.

406 1766 482 1806 ibiq.
508 1764 709 1806 Mitscherl.,]
735 1767 766 1795 et
790 1765 897 1806 Apoll.
915 1765 1019 1796 Rhod.
1044 1766 1085 1802 II,
1102 1766 1159 1796 161
1186 1764 1282 1804 ὕμνος
1305 1763 1457 1804 φόρμιγγι
1481 1764 1648 1804 σιῐνοιμοςε
1669 1766 1739 1796 add.

320 1810 412 1840 Pind.
439 1808 570 1840 Scolior.
595 1808 634 1838 fr.
658 1808 683 1844 I,
711 1809 759 1838 12.

407 1852 464 1881 σὺν
485 1851 587 1892 τύχᾳ]
624 1851 670 1881 Cf.
696 1853 820 1882 annott.
845 1852 883 1882 ad
907 1851 999 1883 Pind.
1024 1850 1072 1882 Ol.
1097 1851 1187 1887 VIII,
1212 1851 1251 1881 67
1276 1853 1307 1881 et
1331 1851 1416 1882 locos
1439 1851 1633 1892 scriptorum
1656 1852 1742 1881 vete-

321 1907 390 1926 rum
413 1895 499 1936 apud
522 1894 721 1925 Welckerum
746 1894 883 1935 Mythol.
907 1895 960 1926 Grr.
985 1894 1020 1925 T.
1045 1894 1085 1931 II,
1110 1906 1140 1935 p.
1166 1895 1237 1931 803,
1261 1896 1294 1925 in
1319 1895 1434 1935 quibus
1458 1894 1531 1935 τύχη
1554 1904 1648 1934 saepe
1671 1905 1742 1924 cum

321 1940 471 1980 genetivo
495 1949 648 1979 personae
671 1938 715 1968 ita
739 1939 944 1969 coniunctum
968 1940 1024 1975 est,
1049 1940 1084 1968 ut
1107 1938 1215 1968 eodem
1240 1949 1333 1968 sensu
1357 1949 1419 1978 quo
1443 1949 1471 1967 v.
1486 1942 1589 1976 τυχεῖν
1603 1937 1742 1967 dicatur:

323 1984 536 2023 postquam
559 1983 676 2011 nacta
700 1983 766 2018 est,
792 1984 962 2022 postquam
985 1982 1097 2012 incidit
1120 1982 1155 2012 in
1179 1981 1347 2022 pulchram
1369 1981 1520 2012 formam:
1545 1980 1647 2011 Plaut.
1672 1980 1744 2011 Tri-

321 2037 407 2099 pum.
433 2026 474 2056 63
501 2025 616 2098 leggeczs
643 2028 678 2055 ut
708 2025 866 2056 navetzc’s:
900 2025 993 2066 plura
1021 2036 1048 2055 v.
1074 2025 1158 2066 apud
1182 2025 1323 2055 Bullium
1354 2025 1390 2055 de
1421 2024 1551 2055 Pindari
1584 2024 1744 2064 sapientia

338 2069 441 2099 *omm.
468 2080 497 2109 p.
586 2078 631 2107 sq.

408 2111 498 2142 Nott.
523 2111 621 2152 erim]
651 2112 683 2140 τὸ
711 2111 743 2141 in
768 2112 818 2147 τῶ,
844 2111 985 2141 doricam
1009 2122 1036 2141 v.
1062 2111 1113 2140 διό
1137 2111 1282 2147 formam,
1307 2110 1434 2141 Ahrens
1463 2110 1576 2141 Philol.
1601 2110 1636 2140 T.
1655 2109 1741 2145 XVI,

324 2166 353 2195 p.
371 2156 410 2185 56
428 2155 614 2185 mutandum
638 2165 703 2184 esse
728 2156 848 2190 censet3
874 2155 957 2195 quod
982 2155 1136 2185 vocabulo
1155 2153 1339 2193 προκώμιον
1360 2153 1528 2184 refutatur.
1574 2153 1620 2184 Cf.
1645 2153 1742 2184 etiam

323 2199 433 2228 annot.
447 2198 484 2228 ad
500 2198 590 2228 Pind.
605 2197 698 2237 Pyth.
712 2197 767 2227 IV.
784 2198 812 2227 3.
830 2216 871 2219 —
897 2199 1032 2236 Θέμεν,
1057 2209 1209 2239 ponere,
1234 2197 1357 2228 offerre.
1374 2215 1410 2218 —
1435 2198 1496 2227 Διὶ
1519 2196 1687 2237 Bergkius.
1702 2214 1741 2217 —

322 2240 464 2272 Attende
487 2242 521 2271 in
544 2240 604 2272 hoc
628 2251 721 2271 versu
743 2240 782 2270 ad
806 2241 964 2281 poeticam
988 2241 1120 2282 copulae
1148 2241 1407 2272 collocationem:
1438 2251 1467 2271 v.
1492 2239 1583 2271 Nem.
1608 2239 1665 2276 m,
1690 2239 1740 2269 61.
