2007 2635
222 830 447 912 Summum
479 867 770 919 magistratum
803 868 1083 908 academicum
1106 881 1180 920 per
1204 869 1418 908 biennium
1447 870 1535 909 sine
1560 870 1715 910 offensa
1745 875 1919 923 gestum,

219 941 329 992 quod
359 941 494 991 ipsum
526 951 608 978 non
633 939 804 978 dubium
837 944 899 979 est
932 941 1032 991 quin
1066 940 1341 980 certissimum
1369 948 1672 992 perennaturae
1704 942 1918 983 felicitatis

219 1012 433 1063 augurium
463 1011 615 1050 habere
637 1010 871 1058 debeamus⁷
901 1013 965 1051 his
986 1012 1179 1052 Calendis
1207 1012 1522 1064 Septembribus
1554 1014 1710 1065 excipit
1737 1027 1918 1054 commu-

219 1084 340 1123 nibus
372 1083 619 1133 collegarum
653 1083 858 1134 suffragiis
888 1088 1051 1123 creatus
1078 1088 1120 1123 et
1148 1096 1341 1134 suprema
1371 1085 1618 1125 auctoritate
1650 1087 1908 1137 approbatus

216 1167 237 1193 c
268 1154 521 1194 Prudentum
554 1153 696 1193 ordine
726 1154 800 1193 Vir
831 1155 1164 1194 consultissimus

591 1242 1119 1317 HENRICUS
1173 1243 1540 1329 THOEL‚

218 1364 340 1403 quem
370 1353 537 1403 quidem
566 1353 763 1393 utilitatis
796 1355 988 1405 publicae
1017 1358 1059 1394 et
1090 1355 1331 1394 Vestrorum
1362 1356 1667 1396 commodorum
1697 1357 1915 1397 studiosis-

217 1424 365 1463 simum
396 1424 577 1463 futurum
612 1437 701 1464 esse
734 1438 781 1465 eo
813 1425 1008 1465 fidentius
1030 1438 1254 1477 speramns,
1282 1439 1364 1477 quo
1386 1427 1659 1466 amantiorem
1677 1428 1773 1474 veri,
1803 1429 1915 1476 recti,

217 1495 339 1546 acqui
370 1495 440 1534 diu
470 1508 560 1534 eum
594 1497 805 1535 novimus:
835 1498 981 1536 harum
1003 1501 1142 1536 autem
1171 1497 1373 1537 virtutum
1407 1499 1674 1539 observantia
1705 1512 1797 1539 Cum
1832 1499 1915 1546 Ve-

216 1573 303 1607 stra
333 1567 444 1606 salus
475 1568 744 1615 contineatur,
777 1569 897 1619 agite,
928 1582 1095 1620 operam
1128 1568 1368 1608 enixissime
1400 1569 1505 1617 date,
1536 1574 1583 1609 ut
1612 1570 1700 1609 eius
1732 1584 1913 1611 amorem

213 1639 410 1690 obsequio
449 1644 575 1690 atque
618 1640 813 1679 comitate
845 1641 993 1679 Vestra
1032 1639 1325 1680 demereamini
1366 1644 1407 1680 et
1446 1642 1524 1680 hac
1564 1641 1633 1680 via
1673 1642 1913 1684 incedentes

212 1723 347 1749 rerum
376 1714 608 1749 nostrarum
640 1711 970 1762 pros]›eritatenr
1000 1715 1204 1762 quantum
1224 1711 1266 1749 in
1283 1712 1413 1752 Vobis
1445 1716 1517 1759 est,
1551 1717 1707 1752 sartam
1739 1718 1911 1755 tectam-

211 1794 290 1831 que
315 1781 524 1820 tueamini.

321 1923 538 1959 Accedimus
565 1923 611 1959 ad
639 1923 791 1959 Pindari
819 1936 966 1961 carmen
993 1926 1172 1961 Nemeum
1207 1925 1384 1974 quintum.
1451 1928 1571 1972 Quam
1598 1929 1759 1978 graviter
1786 1929 1910 1966 Disse-

210 2001 278 2023 nus
305 1988 343 2023 in
369 1989 563 2024 enodanda
590 1989 767 2025 sententia
796 1990 987 2037 primaria,
1017 2004 1108 2038 quae
1137 1991 1292 2026 carmini
1317 1992 1457 2039 subest,
1493 1994 1683 2039 erraverit,
1719 1994 1910 2042 ingeniose

210 2052 356 2101 quidem
384 2053 656 2089 Heimsoethius
676 2054 816 2101 aperuit
844 2055 879 2089 in
905 2056 1054 2091 Ritschl.
1083 2064 1116 2091 ct
1144 2057 1279 2092 Welck.
1307 2058 1401 2094 Mus.
1422 2058 1539 2095 Rhen.
1564 2059 1605 2094 T.
1626 2059 1668 2105 V,
1693 2074 1726 2108 p.
1750 2062 1797 2095 21
1819 2074 1909 2108 sqq.‚

209 2118 271 2154 sed
300 2132 391 2166 quae
419 2118 495 2167 ipse
524 2119 689 2167 protulit,
726 2120 817 2154 mihi
845 2134 918 2156 non
956 2122 1124 2157 videntur
1157 2130 1257 2158 extra
1284 2137 1431 2159 ornnem
1458 2124 1577 2172 posita
1605 2138 1682 2160 csse
1711 2124 1908 2161 dubitatio—

208 2197 310 2229 nem,
348 2184 513 2230 quamvis
547 2184 597 2219 eis
637 2184 779 2220 insistat
811 2186 1014 2234 Leopoldus
1044 2186 1266 2222 Sclnnidtius
1292 2188 1399 2223 Pind.
1430 2188 1500 2224 Vit.
1536 2196 1570 2224 et
1596 2189 1740 2237 Scriptt.
1778 2203 1810 2237 p.
1839 2192 1908 2225 117

208 2261 286 2294 sqq.
342 2249 412 2284 Res
440 2249 531 2285 haec
558 2258 620 2285 est.
686 2250 870 2286 Carminis
898 2252 1023 2287 fabula
1058 2260 1129 2287 tres
1156 2261 1276 2300 partes
1304 2253 1432 2288 habet:
1470 2254 1591 2301 prima
1618 2254 1762 2302 Aegina
1791 2254 1907 2289 laudi-

208 2313 276 2349 bus
304 2314 448 2350 eflertur
477 2329 544 2351 vss.
575 2317 714 2351 9-213:
748 2317 874 2352 eodem
911 2317 1020 2352 niodo
1050 2318 1314 2365 Syracusarum
1346 2317 1472 2353 laudes
1507 2319 1715 2367 propositae
1744 2331 1772 2354 c·
1802 2321 1906 2356 Nem.

206 2379 233 2423 I,
265 2381 427 2425 13-18,
466 2379 528 2415 ubi
565 2380 609 2415 cf.
649 2382 921 2417 annotationem
955 2395 1091 2428 niea1n;
1129 2382 1242 2417 altera
1273 2384 1522 2418 vss.14—21
1561 2397 1582 2418 a
1608 2383 1772 2418 Pindaro
1800 2395 1908 2433 poeta

1539 2451 1586 2484 1*
