2007 2635
920 243 943 277 4

848 333 922 374 pag.
947 334 1019 364 377.

313 379 438 419 melos]
463 397 501 400 —
526 377 602 408 ἀπὸ
626 376 771 417 μήτιος,
801 378 906 407 mente
930 388 999 407 mea
1022 377 1252 418 depromptam.

313 422 347 453 in
370 421 440 453 Del.
465 422 529 461 18]
574 420 716 451 Verbum
745 419 853 458 ἄρχειν
876 420 959 461 apud
984 422 1106 451 veteres
1129 422 1239 461 poetas
1264 420 1379 460 lyricos
1402 420 1485 451 haud
1510 433 1581 453 raro
1610 424 1643 454 in

228 466 402 497 carminum
425 464 561 496 exordiis
583 463 721 505 positum
744 463 922 493 iuvenitur.-
945 463 1088 494 Alcman.
1114 464 1150 494 fr.
1178 465 1204 500 1,
1230 463 1361 494 Stesich.
1386 463 1424 494 fr.
1447 465 1488 494 44
1510 465 1643 507 Bergk:

229 520 267 540 ex
300 509 371 549 lege
395 508 530 549 quadam
560 519 582 537 s.
606 507 715 546 τεθμῷ
742 505 800 536 hoc
828 506 1049 547 explicandum
1072 507 1205 537 videtur.
1232 526 1271 528 —
1318 505 1475 547 Bergkius
1507 520 1544 539 ex
1570 520 1645 540 con-

228 553 348 583 iectura
378 552 504 592 scripsit
535 551 610 589 ἄρχε
638 549 675 585 δ’,
711 547 861 588 οὓρανοῒο
885 549 1050 589 πολυφίλα
1075 554 1191 589 κρέοντι
1215 549 1371 589 θύγατερ,
1405 552 1548 589 Δόκιμον
1571 551 1644 589 κτλ.,

230 595 288 636 Ty.
315 595 543 626 Mommsenius
566 604 637 624 cum
660 592 845 623 Aristarcho
869 594 901 623 et
924 593 1083 624 codicibus
1114 593 1190 631 ἄρχε
1214 592 1253 628 d’,
1288 592 1416 633 οὐρανῷ
1439 593 1645 635 πολυνεφέλα

229 639 351 678 κρέοντι
373 638 524 679 θύγατερ,
550 636 688 675 Δόκιμον
711 634 773 666 κτλ.
796 646 867 666 011111
890 636 947 666 hac
971 636 1198 677 explicatione:
1221 636 1321 675 filiam
1345 637 1412 667 aius
1430 637 1485 676 qui
1505 638 1539 668 ‘in
1562 638 1644 670 coelo

229 682 372 713 mebiloso
395 685 522 721 refluat,
550 680 570 710 i.
594 691 618 710 e.
644 678 746 709 Jovis:
777 679 871 709 aliam
899 679 984 709 enim
1007 679 1211 710 Aristarchus
1234 679 1307 710 iniit
1330 680 1427 717 viam,
1456 682 1492 710 ut
1514 683 1646 712 narrant

231 724 356 757 Scholia
379 725 417 755 ad
441 736 471 755 n.
497 724 535 754 l.:
567 725 620 752 καὶ
644 721 659 752 ὁ
683 723 741 761 μὲν
760 720 967 762 Ἀρίσταρχος
992 722 1141 762 Οιῗρανοῦ
1169 725 1332 761 θυγατέρα
1354 723 1408 763 τὴν
1431 725 1570 754 Μοῦσαν
1593 723 1647 754 δέ-

231 768 346 804 δεκται,
372 767 523 807 καθάπερ
547 768 735 805 ΛΠὶμνερμος
762 768 815 794 καὶ
833 764 979 805 Ἀλκμάν
1007 763 1190 806 ἱστοροῦσιν·
1218 764 1234 796 ὁ
1261 765 1295 795 δεῖ
1315 764 1500 805 Ἀμμώνιος
1522 769 1647 807 προςτί-

230 813 344 852 θησιν,
381 810 426 840 ὅτι
450 810 503 840 διὰ
526 811 614 839 τοῦτο
643 810 772 847 κρέοντα
796 807 923 849 κέκληκε
946 809 999 839 τὸν
1025 808 1191 848 Οὐρανὸν,
1226 808 1271 839 ὄτι
1302 811 1376 847 πρὶν
1407 809 1528 849 Κρόνον
1554 812 1647 848 βασι-

231 855 341 885 λεῦσαι
365 852 454 889 οὗτος
476 852 694 892 ἐβασίλευσενε
728 854 761 881 at
783 863 820 882 ex
844 851 974 882 Pindari
1004 855 1110 883 mente
1138 851 1246 883 Musae
1269 852 1358 883 Jovis
1384 852 1467 883 filiae
1492 855 1582 890 sunt,
1616 865 1645 884 v.

231 898 350 939 Hymn.
392 897 430 927 fr.
462 898 480 927 3
518 896 679 932 Boecklr,
718 906 775 925 nec
807 895 932 925 dativus
971 897 1090 935 κρέοντι
1123 907 1160 926 ex
1197 896 1341 926 vocativo
1378 895 1516 936 θύγατερ
1552 899 1646 937 aptus

232 953 297 973 esse
323 942 436 981 potest.

317 984 409 1024 Pyth.
434 982 523 1017 VIII,
548 982 615 1021 29]
660 990 710 1010 νιν
733 982 817 1011 recte
842 980 898 1021 Ty.
914 980 1150 1012 Mommsenius.
1176 1000 1214 1003 —
1239 981 1321 1011 κοίν’
1344 980 1490 1021 ἀείσομαι
1513 994 1529 1013 0
1553 981 1647 1012 Scho-

231 1029 282 1059 liis
304 1027 472 1068 Bergkius.
517 1024 690 1065 Vulgatam
714 1025 817 1054 verte:
849 1024 883 1055 in
907 1026 1147 1055 comrmmz‘onem
1171 1030 1281 1056 cantus
1305 1028 1333 1055 et
1358 1025 1445 1064 lyrae
1468 1025 1646 1056 admittam:

233 1083 270 1102 ex
292 1082 351 1101 usu
373 1069 492 1100 forensi
514 1068 592 1098 haec
615 1067 703 1098 verbi
726 1068 916 1097 κοινοῦσθαι
939 1068 1130 1109 significatio
1154 1068 1294 1099 derivata
1311 1068 1451 1099 videtur:
1476 1068 1515 1099 cf.
1534 1068 1648 1099 Schoe-

232 1126 337 1145 mann.
362 1113 399 1144 ad
423 1112 503 1143 Isaei
526 1113 619 1142 oratt.
641 1121 671 1151 p.
697 1110 769 1140 419.

850 1152 926 1194 Pag.
952 1154 1023 1184 378.

320 1200 393 1231 ibid.
419 1210 466 1239 ep.
493 1199 558 1238 12]
589 1198 735 1232 πόνον,
769 1206 894 1226 carmen
918 1197 1024 1227 labore
1053 1199 1085 1227 et
1107 1207 1229 1227 summa
1255 1197 1353 1226 animi
1376 1197 1554 1227 intentione
1578 1209 1649 1238 per-

232 1244 359 1274 fectum.
406 1241 538 1273 Laboris
561 1241 645 1271 enim
669 1250 703 1269 ac
727 1239 823 1270 studii
846 1239 878 1269 in
902 1241 1041 1270 carmine
1071 1240 1261 1281 perficiendo
1286 1240 1431 1270 collocati
1454 1240 1649 1271 mentionem

233 1286 389 1317 Pindarus
411 1286 540 1326 dignam
564 1284 679 1319 censet,
704 1293 784 1323 quae
807 1283 839 1312 in
862 1283 931 1323 ipso
955 1284 1093 1314 carmine
1117 1285 1390 1314 commemoretur.

321 1329 421 1360 oratio
452 1339 495 1358 vs.
520 1328 586 1367 65]
638 1325 834 1357 Heimsoeth.
858 1326 940 1356 Add.
966 1328 997 1357 et
1020 1326 1105 1357 Corr.
1136 1338 1165 1367 p.
1190 1328 1207 1357 5
1231 1326 1334 1366 lyram
1363 1326 1540 1366 subjectum
1563 1327 1648 1364 fecit,

234 1373 447 1404 Aristocliden
472 1371 507 1402 O.
533 1371 648 1401 Goram
672 1369 785 1400 Philol.
811 1368 845 1399 T.
866 1369 952 1405 XIV,
977 1381 1006 1410 p.
1023 1370 1094 1407 497,
1120 1370 1275 1410 hymnum
1298 1368 1395 1410 Leop.
1421 1369 1572 1401 Schmidt.
1589 1370 1647 1401 l.c.

234 1428 264 1458 p.
281 1417 354 1452 471,
379 1414 624 1446 Rauchenstein.
650 1413 770 1444 Comm.
794 1412 885 1443 Pind.
910 1412 998 1453 Spec.
1016 1413 1041 1449 I,
1065 1424 1095 1453 p.
1114 1414 1154 1443 2⁴3
1177 1423 1213 1443 ac
1236 1412 1348 1443 Philol.
1374 1412 1409 1443 T.
1426 1413 1515 1450 XIII,
1542 1425 1572 1454 p.
1587 1414 1648 1444 250

233 1461 309 1496 ἕξεις
332 1459 530 1490 scribendum
552 1468 618 1488 esse
642 1457 785 1491 coniecit,
809 1466 850 1486 sc.
875 1453 901 1485 ὦ
923 1458 1051 1486 Μοῖσα.-
1079 1458 1124 1492 at,
1154 1458 1189 1486 ut
1211 1467 1259 1486 vv.
1284 1456 1490 1496 Μυρμιδόνες
1511 1459 1565 1486 ἵνα
1586 1456 1649 1486 κτλ.

233 1503 467 1538 demonstrant,
491 1500 664 1531 rectissime
688 1499 862 1530 Scholiasta
885 1499 978 1529 dixit:
1009 1501 1156 1539 χαρίεντα
1182 1501 1235 1529 τὸν
1259 1499 1359 1538 ὕμνον
1381 1501 1441 1535 ἕξει
1467 1499 1484 1540 ἡ
1509 1500 1649 1537 Αἴγινα

233 1545 250 1584 ἦ
272 1544 353 1576 οὖσα
376 1547 426 1585 τῆς
450 1546 520 1583 περὶ
543 1543 639 1583 αὐτὴν
661 1543 766 1583 χώρας
787 1540 935 1581 ἄγαλμαε
957 1553 1030 1573 nam
1051 1543 1185 1582 χώρας
1207 1541 1372 1581 ἄγαλμα
1396 1544 1444 1573 est
1466 1543 1485 1573 i.
1511 1554 1540 1583 q.
1565 1545 1649 1573 terra

234 1600 257 1620 s.
282 1590 358 1620 iubs
381 1588 652 1629 praestantissima
676 1588 707 1617 et
730 1585 950 1627 pulcherrima,
974 1588 1010 1616 ut
1032 1586 1064 1616 in
1081 1585 1212 1617 Pindari
1236 1585 1272 1615 fr.
1296 1586 1406 1616 incert.
1425 1587 1485 1616 104
1508 1585 1647 1616 Boeekh.

233 1630 400 1672 ἱερώτατον
421 1630 550 1669 ἄγαλμα
574 1630 773 1661 sanctissima
796 1639 894 1669 eaque
918 1629 1130 1669 pulcherrima
1153 1629 1210 1660 dea
1225 1629 1420 1669 appellatur:
1445 1630 1550 1659 omnia
1565 1629 1650 1660 enim

235 1676 375 1717 perfecta
398 1676 429 1705 et
453 1674 584 1715 pulchra
608 1672 778 1712 ἀγάλματα
801 1671 964 1703 dicuntur:
989 1683 1016 1702 v.
1042 1672 1123 1702 Plat.
1148 1672 1304 1703 Charmid.
1331 1683 1360 1712 p.
1378 1673 1439 1702 154
1464 1672 1512 1703 C.:
1535 1672 1650 1707 πάντες

235 1719 341 1758 ὥσπερ
365 1716 496 1756 ἄγαλμα
519 1718 657 1747 ἐθεῶντο
681 1715 796 1752 αὐτόν,
831 1715 886 1745 ubi
916 1716 954 1745 cf.
979 1716 1134 1756 interpp:
1172 1715 1267 1745 simili
1290 1715 1383 1745 modo
1412 1715 1449 1746 de
1477 1715 1649 1746 certamine

234 1761 486 1804 splendidissimo
522 1761 689 1800 πρόσχημα
722 1759 845 1797 ἀγῶνος
881 1758 1052 1799 Sophocles
1094 1759 1199 1799 posuit
1233 1758 1333 1788 Elect.
1371 1759 1448 1794 682,
1482 1758 1649 1798 Euripides

235 1805 368 1844 σχήματ’
391 1805 487 1834 οἴκων
509 1803 631 1834 Hecub.
656 1804 717 1834 619
746 1804 778 1833 et
800 1802 874 1838 alia,
910 1802 947 1832 de
972 1802 1087 1842 quibus
1110 1813 1137 1832 V.
1162 1801 1340 1832 Blomfield.
1366 1802 1404 1831 ad
1428 1801 1539 1832 Aesch.
1561 1801 1647 1842 Sept.

235 1860 260 1879 c.
278 1848 376 1879 Theb.
391 1848 486 1889 gloss.
507 1848 578 1878 684.
605 1865 643 1868 —
685 1847 768 1885 Ἵνα,
791 1855 908 1918 111οῗ31131
931 1856 1002 1875 cum
1025 1846 1055 1875 vi
1079 1845 1301 1885 postpositum,
1326 1855 1353 1874 v.
1378 1844 1453 1875 infr.
1478 1856 1521 1875 vs.
1539 1845 1579 1874 22
1602 1845 1650 1881 ἃς.

876 1899 925 1918 aon
951 1889 1022 1918 379.
1599 1895 1601 1898 ’

322 1936 415 1975 poeta
438 1933 543 1973 dixit]
589 1932 627 1963 V.
652 1931 775 1972 α’γοριὶν
799 1913 928 1972 Kayseix
953 1932 986 1961 111
1009 1931 1094 1961 Ann.
1119 1930 1301 1961 Vindobon.
1328 1930 1362 1960 T.
1387 1930 1451 1967 CV,
1476 1942 1506 1971 p.
1533 1931 1593 1961 108
1617 1931 1650 1961 in

234 1977 335 2017 ἕδραν
355 1977 543 2008 mutandum
566 1986 632 2006 esse
655 1979 778 2011 censet,
809 1974 1053 2005 Rauchenstein.
1078 1974 1112 2003 in
1134 1973 1251 2004 Philol.
1285 1973 1320 2003 T.
1343 1973 1439 2006 XHI.
1472 1985 1501 2014 p.
1527 1975 1588 2004 250
1615 1974 1649 2004 in

236 2020 341 2060 ὁρμὰν
364 2021 414 2051 vel
437 2019 558 2049 ιῖλκα’ν.·
589 2018 713 2058 α’γορτὶ
743 2018 773 2048 h.
798 2019 817 2048 l.
840 2019 947 2057 forum
975 2017 1153 2058 significat,
1184 2017 1269 2057 quod
1292 2016 1501 2048 Aristoclides
1524 2016 1650 2048 Thearii

235 2065 351 2095 sodalis
372 2063 512 2094 muneris
535 2072 629 2093 causa
651 2063 727 2092 tunc
750 2072 820 2092 011111
844 2061 978 2092 maxime
1003 2060 1238 2100 frequentabat.

320 2107 460 2146 γένναν.]
506 2105 707 2137 Contrarium
731 2107 777 2135 est
800 2106 974 2144 γεραίρειν.·
996 2115 1024 2135 v.
1049 2106 1175 2134 annott.
1201 2103 1240 2134 ad
1265 2102 1358 2133 Nem.
1382 2103 1422 2139 V,
1447 2105 1475 2133 8.

321 2150 525 2191 excogitata]
577 2148 654 2180 Cum
687 2159 862 2189 pronomen
890 2148 982 2177 τεάν
1009 2158 1111 2188 neque
1135 2147 1174 2177 ad
1198 2146 1321 2177 Musam
1349 2157 1452 2187 neque
1476 2146 1515 2177 ad
1536 2145 1649 2176 Jovem

236 2194 346 2225 referri
370 2194 479 2234 possit,
504 2192 662 2233 Bergkius
684 2192 769 2221 recte
786 2191 904 2231 Heynii
922 2191 1111 2231 scripturam
1135 2188 1192 2219 ἑὰν
1216 2189 1356 2220 reduxit:
1382 2188 1440 2219 ἐὰν
1462 2188 1528 2218 κατ’
1545 2188 1649 2224 αἶσαν,

236 2237 256 2266 1.
281 2248 306 2267 e.
331 2237 502 2267 secundum
525 2246 561 2266 ea
584 2245 663 2276 quae
687 2245 743 2275 per
765 2234 927 2265 fortunam
952 2233 1161 2264 Aristoclidae
1186 2243 1335 2263 concessa
1356 2234 1463 2263 erant:
1492 2232 1536 2262 sic
1559 2231 1649 2262 Pind.

236 2278 326 2310 Nem.
352 2280 416 2316 VI,
446 2281 485 2310 16
519 2277 575 2309 οὐκ
605 2278 758 2318 ἄμμορος.
812 2277 869 2317 Ty.
899 2277 1127 2307 Mommsenius
1159 2277 1231 2306 τειὶν
1264 2276 1431 2307 defendere
1465 2275 1578 2306 studet.
1610 2292 1649 2296 —
