2007 2635
1008 252 1052 285 19

411 341 663 374 THEODORUS
687 342 810 381 ZAHN,
836 343 885 373 lic.
908 342 1015 379 theol..
1044 343 1148 383 quinis
1170 354 1200 383 p.
1224 343 1254 374 h.
1281 343 1397 375 scholis
1418 344 1496 376 hora
1509 344 1622 376 IX—X
1639 346 1738 378 Pauli

325 385 368 415 acl
395 384 575 418 Corinthios
597 387 747 426 epistolas
768 385 1049 426 interpretabitur.
1774 400 1775 403 ¹

746 475 796 498 Ex
815 474 1011 499 COLLEGlo
1032 474 1318 499 REPETENTIUM.

413 541 544 581 Colleqiz·
572 541 778 580 rcpctcntimn
811 541 935 571 sodales
964 541 1204 571 exercitationes
1227 541 1409 581 πορθήσας,
1433 541 1610 580 historicas,
1633 545 1738 581 syste—

323 585 456 615 maticas
478 587 567 615 sueto
591 594 677 614 more
700 583 750 615 die
773 583 881 614 Lunae
904 583 934 614 h.
958 583 999 614 VI
1023 584 1205 623 vespertina
1228 584 1491 616 moderabuntur.

407 644 645 682 HACHFELD,
669 644 768 675 libros
791 644 948 675 Samuelis
971 644 1054 675 binis
1083 643 1169 675 horis
1195 645 1310 676 cursim
1335 645 1516 686 explicabit.

409 701 551 733 JULIUS
575 701 879 740 WELLHAUSEN,
893 701 1045 742 epistolas
1060 701 1184 738 Jacobi,
1202 700 1229 732 J
1231 702 1319 739 adae,
1336 702 1425 734 Petri
1439 702 1521 734 binis
1536 701 1621 733 horis
1634 702 1730 733 inter-

328 745 506 786 pretabitur
529 749 640 786 postea
664 744 852 775 statuendis.

566 847 819 882 ORDINIS
855 847 1512 885 IURISCONSULTORUM.

406 932 441 963 F.
465 931 501 961 B.
526 930 676 968 GREFE,
701 929 766 967 Dr..
790 929 897 960 tradet
908 932 965 969 jas
976 930 1222 969 Icanoverannm,
1237 931 1403 971 quinquies
1416 942 1473 971 per
1484 931 1578 963 hebd.
1591 932 1622 963 h.
1635 931 1736 963 1-11.

406 987 658 1020 RUDOLPHUS
682 987 805 1022 SOHM,
830 986 896 1023 Dr..
920 987 949 1018 J
948 998 983 1018 ns
994 991 1191 1019 mercaturae
1203 991 1232 1020 ct
1244 989 1436 1020 cumbrorum
1448 988 1552 1020 tradet
1564 988 1731 1030 quinquies

325 1044 382 1074 per
404 1032 496 1063 hebd.
521 1031 551 1061 h.
574 1030 751 1069 XI—XII3
782 1030 907 1071 publice
929 1031 1090 1069 speculum
1112 1031 1307 1063 Saxonicum
1335 1032 1598 1072 interpretabitur
1621 1032 1650 1063 d.
1677 1031 1734 1062 Sa-

320 1077 405 1108 turni
426 1075 456 1106 h.
481 1074 626 1105 XI—XII
632 1099 637 1104 .

680 1176 940 1212 ORDINIS
985 1176 1383 1213 MEDICORUM.

404 1260 471 1292 CH.
496 1260 530 1290 F.
553 1259 590 1290 E.
614 1258 876 1298 STROMEYER,
901 1259 968 1299 Dr.‚
990 1260 1218 1292 Pam-maetam
1241 1263 1272 1291 et
1290 1260 1435 1293 Gltemz'ae
1450 1261 1650 1294 Theoretz'eae
1669 1260 1735 1292 sin—

321 1304 411 1345 gulas
434 1308 542 1344 partes
566 1302 779 1343 privatissime
802 1302 938 1334 docebit.

403 1361 439 1392 R.
460 1359 604 1396 WOESE,
629 1359 694 1396 Dr..
721 1360 888 1391 Theon-iam
911 1361 1153 1392 auscultationis
1175 1364 1204 1391 et
1221 1362 1440 1400 percussionis
1462 1364 1576 1402 quater
1588 1372 1644 1403 per
1656 1362 1734 1394 heb—

320 1404 485 1436 domadem
509 1403 615 1434 tradet
638 1403 796 1445 adjunctis
819 1403 1100 1434 exercitationibus
1124 1404 1282 1445 practicis.

409 1460 442 1492 C.
466 1461 499 1493 F.
524 1459 768 1498 LOHMEYER,
792 1459 857 1499 Dr.,
885 1460 1190 1500 Ophtltalmoloyz'am
1215 1465 1329 1502 quater
1350 1473 1379 1502 p.
1405 1463 1434 1493 h.
1459 1462 1538 1493 hora
1558 1462 1630 1494 VIII
1642 1462 1728 1502 -IX;

321 1505 523 1544 Chirnrqz'am
545 1504 722 1544 yencralem
745 1503 912 1543 quinquies
934 1515 966 1544 p.
989 1503 1020 1535 h.
1044 1504 1123 1535 hora
1146 1504 1279 1536 III->IV
1302 1505 1421 1537 tradet.

402 1561 436 1592 E.
462 1560 638 1598 EHLERS,
662 1560 729 1599 Dr.‚
753 1561 932 1592 Historiam
956 1563 1134 1592 naturalem
1154 1563 1280 1602 ycneris
1293 1563 1424 1594 hnmani
1446 1563 1591 1594 adhibita
1607 1564 1729 1595 cranio-

316 1615 386 1635 rum
409 1604 596 1644 iconumque
620 1604 814 1645 supellectile
838 1604 1131 1636 Blumenbachiana
1153 1605 1261 1637 tradet
1294 1607 1404 1648 (etiam
1427 1607 1459 1637 in
1490 1617 1599 1638 eorum
1626 1617 1728 1646 usum,

318 1648 372 1688 qui
396 1647 569 1678 medicinae
593 1657 723 1687 operam
747 1659 809 1679 non
832 1648 923 1688 dant)
948 1648 977 1678 d.
1002 1648 1081 1678 Lun.
1105 1648 1174 1679 Jov.
1199 1649 1265 1680 Sat.
1289 1649 1319 1680 h.
1342 1649 1498 1680 XI—XII.
1534 1669 1575 1673 —
1618 1650 1728 1682 Histo-

316 1691 417 1731 loqiae
441 1693 643 1729 comparatae
666 1692 774 1730 capita
797 1692 911 1723 selecta
933 1691 1030 1722 semel
1053 1701 1109 1731 per
1131 1691 1224 1723 hebd.
1248 1693 1347 1733 gratis
1370 1693 1533 1725 tractabit.
1558 1712 1598 1716 —-
1620 1693 1726 1725 Exer-

315 1735 481 1766 citationes
503 1735 747 1774 nzicroscopicas
770 1738 859 1765 sueto
883 1745 970 1765 inore
993 1735 1150 1765 instituet.

400 1790 656 1822 THEODORUS
679 1790 928 1829 HUSEMANN,
953 1791 1017 1831 Dr.‚
1041 1792 1190 1832 privatim
1215 1792 1512 1833 Pharmacoloyiam
1530 1793 1728 1826 demonstra—

313 1834 453 1865 tionibus
469 1834 791 1874 pharmacognosticis
807 1835 998 1866 illustratam
1014 1837 1189 1876 conjunctis
1205 1836 1485 1868 exercitationibus
1500 1837 1651 1868 formulas
1668 1848 1731 1869 me—

313 1877 399 1908 dicas
423 1878 484 1908 rite
507 1877 716 1908 concinnandi
739 1878 906 1918 quinquies
929 1889 988 1918 per
1012 1878 1241 1910 hebdomadem
1264 1879 1343 1910 hora
1353 1879 1469 1910 1V-V
1482 1880 1617 1911 docebit.
1664 1881 1727 1912 Re-

312 1921 497 1959 petitorimn
521 1921 563 1951 ad
574 1922 740 1952 materiam
763 1923 916 1953 medicam
938 1926 1086 1962 spectans
1106 1925 1196 1953 sueto
1219 1933 1305 1953 inore
1329 1923 1358 1953 h.
1372 1920 1485 1954 V—-VI
1497 1923 1545 1955 vel
1569 1924 1633 1955 alia
1644 1924 1724 1955 hora

313 1963 468 1995 audituris
494 1963 660 1995 commoda
682 1965 839 1995 instituet.

401 2020 655 2052 GUILIELMUS
668 2013 829 2058 MARME,
841 2021 907 2059 Dr„
921 2022 1154 2062 Toricoloyiam
1166 2023 1387 2062 experimentis
1400 2023 1592 2055 illustratam
1608 2027 1657 2055 ter
1668 2035 1728 2064 per

313 2062 407 2094 hebd.
434 2063 487 2094 dd.
516 2063 640 2101 Lunae,
668 2064 781 2095 Martis
810 2068 841 2096 et
867 2065 954 2096 Jovis
982 2065 1061 2096 hora
1090 2066 1132 2096 IV
1157 2069 1188 2096 et
1211 2065 1522 2106 Electrotherapiam
1546 2067 1643 2098 semel
1666 2078 1725 2107 per

315 2105 408 2137 hebd.
432 2105 543 2138 eadem
564 2107 642 2138 hora
665 2107 715 2138 die
733 2107 881 2139 Mercurii
905 2109 1052 2148 privatim
1076 2108 1218 2146 docebit,
1247 2110 1346 2149 gratis
1369 2110 1476 2142 tradet
1500 2111 1720 2150 Toxieoloqiae

312 2150 426 2180 selecta
449 2151 555 2188 capita
578 2151 673 2181 semel
696 2161 753 2191 per
775 2151 867 2182 hebd.
892 2151 943 2183 die
965 2152 1053 2183 Jovis
1076 2151 1154 2182 hora
1178 2151 1229 2182 VI.
1259 2171 1299 2175 —
1348 2152 1597 2185 Exercitationes
1628 2153 1722 2194 phar-

313 2191 519 2265 macoloffiicas
541 2203 599 2224 nec
620 2204 683 2225 non
705 2195 929 2236 toxicologicas
953 2195 985 2226 in
1008 2195 1155 2226 instituto
1171 2194 1383 2236 physiologico
1399 2196 1616 2229 moderabitur
1628 2198 1716 2229 horis

315 2246 435 2267 commo
461 2246 497 2266 is.

1400 2296 1445 2326 3*
