2007 2635
439 286 819 334 ACADEMAE
866 286 1201 334 GEORGIAE
1247 286 1590 334 AUGUSTAE

842 381 1201 417 PRORECTOR

412 466 1026 533 GEORGIUS
1097 466 1477 532 WAITZ
1544 468 1626 532 D.

706 590 883 625 CUM
960 589 1335 626 SENATU.

394 783 529 814 Restant
551 793 631 823 quae
653 782 691 812 de
714 782 843 813 Pindari
866 783 1015 814 carminis
1039 782 1129 813 Nem.
1153 782 1198 813 IV
1229 784 1318 824 parte
1341 782 1441 813 altera
1463 793 1561 823 eaque
1584 783 1724 823 perdiffi-

308 826 361 856 cili
377 826 507 857 dicenda
531 825 641 862 habeo.v
666 826 699 855 in
721 837 784 867 qua
806 827 992 866 explicanda
1015 827 1140 867 saepius
1163 837 1257 866 quam
1280 827 1314 857 in
1328 826 1433 866 priore
1445 827 1535 866 parte
1554 836 1571 855 a
1588 826 1722 857 Disseno

309 869 386 899 mihi
411 869 619 900 recedendum
643 869 712 899 erit.
767 869 863 900 Cuius
887 870 932 900 rei
956 870 1135 910 exemplum
1159 869 1205 900 illi
1229 870 1288 910 ipsi
1311 880 1427 905 versus,
1453 880 1470 899 a
1493 869 1608 909 quibus
1631 869 1723 900 nobis

308 923 391 942 nunc
415 912 630 953 incipiendum
654 914 718 949 est,
743 913 950 953 praebebunt.
996 913 1044 943 Ex
1069 913 1194 943 Disseni
1219 913 1304 943 enim
1327 913 1486 943 sententia
1508 923 1568 943 vss.
1592 913 1720 943 41—43

308 955 346 986 ad
369 955 552 986 Pindaricae
578 966 708 996 poeseos
730 958 965 996 contemptores
989 958 1150 997 spectant3
1190 956 1267 986 1111111
1299 956 1342 986 eis
1373 955 1597 986 Timasarchus
1627 956 1721 996 idque

307 999 390 1029 vitae
414 1010 524 1040 genus·
547 999 597 1029 cui
620 998 673 1029 ille
696 1010 728 1029 se
752 1000 917 1030 addixerit.
942 1000 1055 1040 respici
1080 1000 1212 1035 videtur,
1239 1000 1274 1029 ut
1296 1009 1405 1029 sensus
1428 999 1558 1029 existat:
1585 1009 1641 1039 ego
1666 1010 1721 1039 po-

306 1042 369 1072 tius
383 1053 483 1073 meam
500 1043 650 1072 virtutem
666 1045 831 1083 artemque
849 1054 971 1083 sequar,
983 1054 1044 1083 qua
1060 1043 1137 1073 duce
1149 1042 1233 1082 quod
1246 1044 1395 1083 expertus
1412 1052 1471 1082 ego
1487 1053 1565 1080 sum,
1578 1042 1720 1083 experie-

306 1086 359 1115 tur
382 1086 476 1116 etiam
501 1085 732 1117 Timasarchus.
790 1086 901 1126 Neque
926 1086 1096 1116 scholiasta
1118 1086 1154 1116 de
1181 1086 1312 1116 Pindari
1336 1085 1491 1126 cogitavit
1514 1086 1616 1126 poesi,
1648 1095 1719 1115 cum

305 1128 383 1158 dicit
404 1129 441 1159 ad
465 1140 507 1159 vs.
533 1130 590 1159 66:
616 1128 686 1167 ἐμοὶ
707 1129 752 1165 δὲ,
777 1131 879 1169 φησίν,
903 1128 940 1168 ἣν
960 1129 1056 1158 ἔδωκε
1079 1129 1168 1165 τάξιν
1191 1128 1207 1158 ὁ
1234 1129 1307 1163 θεὸς
1330 1130 1383 1158 καὶ
1405 1127 1422 1168 ἡ
1444 1127 1625 1168 εἱμαρμένη.
1648 1128 1719 1157 ταύ-

305 1182 359 1210 την
383 1172 570 1201 πεπίστευκα
594 1170 639 1201 ὅτι
663 1175 716 1201 καὶ
739 1171 888 1212 ὁμακρὸς
912 1172 1058 1201 διαθέων
1081 1175 1195 1212 χρόνος
1228 1171 1385 1211 πληρώσει
1409 1171 1559 1210 εἶ’μοιρον
1583 1173 1635 1200 καὶ
1658 1183 1716 1200 κα-

304 1212 371 1254 λήν.
418 1214 516 1250 Quale
540 1217 646 1245 autem
670 1215 768 1247 fuerit
789 1217 874 1247 vitae
897 1225 998 1256 genus
1021 1215 1105 1256 quod
1119 1215 1341 1246 Timasarchus
1365 1219 1491 1246 secutus
1514 1216 1570 1250 est,
1595 1214 1715 1245 incom-

304 1259 430 1298 pertum
453 1258 615 1289 habemus.

947 1300 977 1331 P.
1002 1301 1074 1331 402.

389 1353 471 1373 nova
495 1343 639 1384 accedit]
684 1343 723 1374 In
746 1344 952 1383 sequentibus
975 1346 1071 1385 poeta
1094 1354 1157 1373 non
1179 1343 1218 1373 ad
1242 1353 1323 1373 nova
1346 1342 1476 1379 transit,
1506 1342 1559 1372 sed
1583 1341 1622 1372 ad
1646 1353 1716 1372 eam

303 1387 452 1416 carminis
476 1388 619 1426 partem,
644 1397 738 1426 quam
761 1397 805 1417 vs.
832 1388 870 1417 25
896 1388 1016 1428 incepit
1047 1387 1182 1417 feliciter
1214 1386 1253 1416 ad
1276 1386 1396 1416 exitum
1423 1385 1654 1426 perducendam
1684 1396 1716 1416 se

304 1429 454 1470 accingit.
478 1448 521 1452 —
543 1429 762 1469 ἐξυᾳαινε,
787 1431 922 1461 texendo
947 1431 1065 1461 confice
1106 1432 1137 1460 et
1171 1429 1210 1459 ad
1234 1430 1329 1460 finem
1353 1429 1488 1469 perduc,
1513 1428 1650 1459 absolve.
1674 1447 1716 1450 —

300 1471 430 1510 μέλος,
456 1473 585 1513 respicit
608 1483 651 1502 vs.
669 1474 722 1503 15:
746 1473 824 1504 dicit
846 1476 955 1514 poeta:
979 1474 1032 1504 sed
1055 1474 1131 1504 haec
1155 1483 1234 1513 quae
1257 1474 1368 1503 contra
1392 1472 1590 1502 adversarios
1611 1472 1714 1502 dicere

301 1516 404 1546 coacti
426 1526 566 1551 eramus,
602 1527 685 1546 nunc
709 1517 804 1547 missa
835 1516 988 1548 faciamus
1019 1518 1051 1547 et
1074 1526 1243 1557 pergamus
1277 1516 1311 1546 in
1342 1517 1533 1556 argumento
1565 1515 1714 1546 carminis

301 1569 372 1589 vere
397 1559 563 1589 victoriali.

387 1601 544 1645 Salamis]
569 1601 757 1641 α’πιέρχει,
783 1602 928 1642 praeit,
952 1601 989 1632 de
1015 1612 1061 1637 eo,
1087 1602 1141 1642 qui
1165 1601 1351 1632 saltantium
1373 1600 1423 1631 vel
1447 1598 1629 1630 canentium
1652 1598 1713 1628 dux

301 1646 364 1675 est:
388 1644 474 1676 Poet.
501 1656 594 1676 anon.
620 1644 753 1675 Anthol.
771 1644 938 1680 Palat.IX‚
965 1645 1035 1681 189,
1059 1645 1078 1675 3
1102 1644 1185 1674 ἔνθα
1208 1644 1306 1673 καλὸν
1329 1645 1489 1684 στησασῦε
1523 1643 1585 1684 ι’)εῇ
1607 1641 1711 1680 χορόν·

300 1687 378 1726 ὔμμι
409 1687 437 1717 δ’
461 1687 628 1728 ἀπάρχει
652 1689 780 1727 Σαπφώ
811 1690 954 1728 χρυσείην
976 1690 1079 1727 χερσὶν
1113 1688 1222 1725 ἔχοντα
1246 1686 1356 1727 Mors-v:
1391 1686 1461 1717 add.
1485 1685 1617 1725 Dionys.
1642 1684 1711 1714 Hal.

301 1730 387 1761 A.R.
412 1731 482 1767 VH,
508 1732 547 1762 73
571 1733 661 1767 extr..
686 1741 879 1771 quamquam
902 1731 946 1761 ibi
968 1731 1160 1771 Kiesslingio
1183 1729 1367 1770 ὑπάρχοντα
1390 1729 1532 1760 codicum
1560 1728 1654 1758 lectio
1678 1728 1712 1758 in

301 1774 438 1813 ἄρχοντα
461 1775 614 1806 mutanda
637 1774 775 1810 videtum
811 1785 838 1804 v.
864 1773 1001 1813 ἀπάρχει
1024 1785 1073 1805 me
1098 1775 1202 1814 judice
1227 1773 1265 1804 ad
1289 1783 1377 1804 sacra
1399 1772 1472 1804 Jovi
1496 1771 1670 1802 Salaminio
1695 1781 1712 1800 a

301 1816 422 1848 Teucro
446 1818 479 1848 111
503 1818 607 1849 insula
630 1818 735 1858 Cypro
767 1818 917 1848 instituta
947 1817 1033 1857 (Tac.
1059 1817 1142 1848 Anu.
1167 1817 1228 1853 111,
1258 1817 1298 1847 62
1322 1816 1392 1847 coll.
1417 1815 1529 1856 Engel.
1555 1814 1648 1855 Cypr.
1674 1813 1710 1843 T.

299 1859 338 1896 H,
362 1872 391 1901 p.
417 1862 478 1892 660
502 1862 584 1902 sqq.)
607 1863 741 1902 spectat,
766 1861 799 1891 in
823 1872 958 1901 quorum
983 1872 1099 1901 pompa
1122 1860 1255 1891 solemni
1277 1859 1413 1890 eiusdem
1438 1858 1552 1889 Teucri
1575 1868 1633 1898 pro
1657 1857 1712 1887 he-

300 1913 354 1933 roe
378 1904 455 1935 culti
479 1906 617 1935 statuam
641 1905 693 1946 pia
718 1904 833 1934 civium
857 1904 952 1934 turba
975 1907 1007 1935 et
1029 1904 1116 1935 chori
1140 1904 1229 1944 sequi
1252 1903 1406 1934 solebant.
1453 1902 1557 1932 Aliter
1575 1900 1710 1931 Momm-

299 1956 362 1976 sen.
387 1947 426 1977 ad
449 1947 478 1977 h.
502 1948 537 1978 l.:
561 1947 657 1978 refert
679 1948 764 1978 enim
789 1958 816 1977 v.
841 1946 975 1986 ἀπάρχει
1002 1948 1041 1978 ad
1065 1948 1184 1987 lyram,
1220 1957 1315 1988 quam
1346 1946 1502 1976 rationem
1533 1944 1582 1974 his
1606 1943 1710 1974 verbis

298 1990 513 2021 commendat:
538 2002 668 2026 „sensus
691 1993 750 2022 est:
775 2001 859 2031 „quo
883 1992 953 2029 (usu
966 1990 1140 2031 homerico)
1165 1990 1234 2027 tibi,
1257 1990 1336 2030 lyra,
1361 1988 1463 2030 praeit
1480 1987 1650 2022 Teucrus:
1675 1988 1710 2016 ut

297 2032 367 2072 lyra
389 2044 444 2073 per
467 2034 683 2075 metaphoram
707 2034 945 2074 navigationem
970 2034 1176 2064 clarissimam
1198 2034 1313 2063 iterare
1332 2032 1482 2073 jubeatur
1505 2031 1582 2061 olim
1605 2029 1708 2067 „Te'u-

297 2086 351 2105 cro
375 2076 453 2107 duce
477 2080 509 2107 et
532 2078 659 2118 auspice
684 2077 825 2108 Teucron
850 2077 999 2107 factamn.
1047 2078 1164 2108 Contra
1189 2078 1319 2116 Τεῦκρος
1341 2076 1474 2114 ἐπάρχω
1496 2074 1631 2105 coniecit
1643 2072 1706 2103 He-

296 2119 380 2149 cker.
393 2119 507 2150 Philol.
521 2120 580 2150 vol.
606 2120 645 2157 V,
669 2132 698 2161 p.
722 2121 793 2152 440.
823 2122 959 2159 Τεῦκρος
989 2119 1120 2150 α’ποικοῖ
1142 2119 1332 2150 Rauchenst.
1356 2118 1431 2149 ibid.
1454 2117 1547 2155 XIII,
1581 2128 1610 2157 p.
1635 2116 1707 2152 255,

299 2163 391 2193 metri
417 2173 511 2193 causa
535 2164 668 2194 Ahrens.
695 2164 770 2194 ibid.
796 2162 877 2200 XVI,
903 2174 932 2203 p.
958 2164 997 2193 57
1030 2164 1110 2202 ἀίαρ
1135 2163 1171 2203 δή
1196 2164 1282 2197 Αἴας
1304 2161 1381 2194 aar)...
1411 2161 1524 2201 Bergk.
1558 2160 1606 2190 ad.
1631 2159 1660 2190 h.
1685 2159 1705 2189 l.

297 2205 354 2235 ἄπ’
378 2206 476 2246 ἄρχει,
500 2218 562 2247 quo
586 2217 696 2238 sensus
719 2217 813 2247 snpra
837 2217 855 2236 a
878 2206 1011 2237 Disseno
1036 2207 1191 2237 indicatus
1214 2207 1373 2237 existeret.

382 2250 433 2286 35,
458 2248 498 2292 2.]
544 2250 624 2281 Add.
651 2252 773 2281 annott.
798 2249 837 2280 ad
861 2248 952 2280 Nem.
977 2249 1016 2286 ΙΙ,
1044 2251 1092 2281 14.

1376 2302 1424 2333 1*
