2007 2635
985 235 1006 267 5

286 328 342 365 VI,
365 329 426 359 54:
460 329 626 370 vulgarem
657 328 815 358 rationem
840 328 935 367 poeta
958 326 1104 366 sequitur
1126 325 1200 356 infr.
1226 335 1271 355 VS.
1297 325 1346 355 75.
1399 324 1495 356 Plura
1517 325 1587 357 vide
1610 325 1653 356 313
1675 325 1709 356 111

286 371 475 403 Mommseni
500 371 610 413 Suppl.
636 370 721 401 Ann.
746 370 816 400 crit.
841 381 870 410 p.
897 370 969 400 194.

372 414 495 446 Laudes
518 415 632 456 gentis.
659 413 711 455 ——]
736 411 914 453 ἠΰπυργον,
940 415 976 442 ut
1002 413 1119 453 Τροίην
1141 411 1296 451 εὔπυργον
1320 411 1478 442 Homerus
1502 411 1584 442 dixit
1606 410 1642 442 11.
1667 412 1708 447 H,

287 458 336 493 71,
361 460 414 487 καὶ
437 457 534 495 ἁγνὸς
557 457 633 492 ναὸς
655 455 814 494 εὖπύργου
838 454 1009 495 Σεροὶπνας
1033 455 1168 486 Alcman
1192 455 1230 485 fr.
1255 455 1274 485 4
1298 454 1352 485 B.:
1384 466 1411 485 v.
1437 465 1510 485 31111.
1534 456 1574 485 ad
1596 454 1708 485 Isthm.

286 500 307 537 l,
333 502 384 532 31.
431 502 578 532 Ceterum
603 500 764 531 Alcmauis
787 510 929 535 versum,
954 509 1047 538 quem
1071 499 1164 529 modo
1186 497 1317 539 protuli,
1350 509 1408 538 pro
1432 500 1619 529 tetrametro
1643 499 1709 529 tro-

285 544 392 576 chaico
416 545 533 576 habeo:
563 542 908 574 ssuffiv—ss-v-assaffl
918 547 1055 615 υΡ-’-..-ι;
1083 542 1202 573 similes
1224 541 1307 582 apud
1332 540 1505 572 Pindarum
1528 542 1664 571 exstant.

371 631 513 671 recipiat.
531 630 583 671 —]
609 628 628 659 δ
635 630 712 667 ίκᾳ,
739 630 870 669 propter
883 628 1047 658 iustitiam.
1064 646 1106 651 ·—-
1129 627 1308 667 „Hartung.
1325 627 1483 666 Ξεναρκέῖ
1498 626 1708 668 (Ξεναρκεῖῖ),

286 675 323 704 ut
347 673 504 704 Xenarces
528 672 741 704 Aristomenis
764 674 855 712 pater
878 671 1090 712 intelligatur,
1117 682 1210 711 quem
1235 670 1392 701 Pindarus
1410 669 1503 711 Pyth.
1523 670 1602 701 VIII
1625 681 1710 701 com-

288 719 452 752 memorat,
478 717 531 747 sed
554 717 580 747 is
604 727 622 746 a
645 715 842 745 Timasarchi
866 717 958 755 gente
982 714 1065 745 haud
1088 714 1182 745 dubie
1206 713 1359 745 alienus''.
1405 713 1547 754 Bergk.
1572 713 1609 743 ad
1633 713 1663 744 h.
1688 713 1709 743 l.

289 758 321 791 Si
340 760 465 790 dativus
483 759 556 797 δίκᾳ
577 770 613 790 eo
631 769 733 795 senSU,
758 769 851 799 quem
868 758 1015 794 indicavi,
1040 757 1204 798 accipitur,
1229 757 1392 797 Hartungi
1404 757 1566 787 sententia
1580 757 1708 788 corruit.

372 814 402 843 p.
424 803 510 844 375,]
535 805 567 833 et
590 813 671 843 quae
695 813 753 842 ego
778 802 890 842 scripsi
915 801 1029 831 Philol.
1054 800 1089 831 Τ.
1109 801 1135 836 I,
1162 812 1192 842 p.
1213 801 1283 831 1223.
1308 799 1408 836 XVII,
1434 811 1463 841 p.
1486 800 1558 830 360.

373 845 618 887 amplecfimun]
643 844 745 876 Schol.
771 845 808 875 ad
834 845 865 875 h.
891 845 928 881 l.,
954 845 1011 875 21:
1036 868 1042 874 .
1065 868 1072 874 .
1096 868 1102 874 .
1127 845 1262 882 συνεχῶς
1290 844 1331 872 ἄν
1357 842 1453 883 τούτῳ
1483 844 1526 883 τῷ
1547 842 1634 882 μέλει
1658 845 1711 872 καὶ

285 888 379 931 ταύτῃ
397 891 431 932 τῇ
449 888 516 932 ᾠδῇ
531 888 724 928 προςκλίνας
739 887 853 917 ἑαυτὸν
866 889 920 917 καὶ
937 886 1147 926 προςαγαγών
1160 885 1362 927 οἷνευφήμησε
1386 888 1439 916 καὶ
1461 885 1634 925 ἀνεβάλετο
1656 885 1710 926 τὴν

285 934 490 972 γεγενημένην
512 933 601 972 νίκην
623 932 678 971 τὴν
700 930 772 966 xri„
799 942 878 971 qnae
902 930 1070 961 falsissima
1092 933 1181 961 sunt:
1206 941 1279 961 113111
1302 931 1350 968 τῷ
1361 929 1401 959 δε
1423 927 1536 968 μέλει
1559 929 1712 964 κλιθείς

287 975 327 1005 ab
351 975 495 1006 formulis
519 978 554 1006 ut
578 974 687 1004 α’σπίσι
711 974 901 1012 κεκλιμένοι,
932 973 1026 1017 ,στήλῃ
1049 973 1228 1013 κεκλιμένος
1256 975 1288 1004 et
1317 973 1387 1003 sim.
1418 972 1600 1003 traductum
1630 972 1710 1002 nihil

287 1018 449 1059 significat
473 1019 534 1049 nisi
565 1018 637 1049 huic
669 1017 752 1058 quod
775 1028 859 1048 nunc
881 1019 984 1048 tracto
1009 1018 1119 1058 generi
1149 1019 1278 1047 cantum
1301 1016 1485 1047 modulandi
1507 1027 1531 1047 s.
1556 1015 1710 1046 melodiae

288 1072 320 1092 se
343 1062 520 1103 applicans,
546 1062 705 1092 intentus:
730 1072 757 1091 v.
781 1060 878 1100 μέλος
901 1061 1010 1092 eodem
1034 1071 1127 1091 sensu
1151 1060 1224 1090 infr.
1250 1070 1294 1090 vs.
1315 1059 1355 1089 45
1380 1058 1528 1090 habebis:
1553 1059 1710 1089 Pindarus

287 1105 371 1136 enim
396 1106 511 1146 opinor
542 1115 612 1135 cum
644 1104 703 1135 hoc
734 1105 874 1135 carmine
902 1104 1012 1135 modos
1035 1114 1094 1134 usu
1117 1103 1242 1134 assiduo
1266 1103 1350 1143 apud
1374 1102 1547 1143 Aeginetas
1571 1101 1710 1133 celebres

288 1149 466 1185 coniunxit,
493 1149 608 1189 quibus
632 1149 699 1188 ipse
724 1147 918 1178 Tiniocritus
941 1148 973 1178 in
997 1147 1191 1178 carminibus
1214 1145 1433 1177 victorialibus
1457 1156 1530 1176 usus
1554 1147 1640 1176 erat:
1665 1145 1709 1176 sic

290 1191 446 1222 Pindarus
468 1195 582 1221 ἵππιον
612 1191 714 1230 νόμον
736 1191 769 1221 111
793 1201 884 1221 usum
909 1201 999 1221 suum
1023 1191 1182 1221 convertit
1206 1189 1332 1230 Olymp.
1356 1188 1380 1225 I,
1408 1189 1484 1225 101,
1520 1188 1710 1229 Καστόρειον

289 1236 321 1265 et
347 1234 465 1265 Ἰολαόυ
499 1234 599 1273 1“μνον
630 1235 712 1265 idem
742 1234 853 1265 Istlnn.
879 1234 910 1270 I,
938 1235 993 1271 16,
1030 1233 1213 1264 Archilochi
1246 1233 1398 1272 hymnum
1429 1232 1556 1272 Olymp.
1581 1231 1626 1263 IX
1655 1231 1710 1268 111.,

288 1278 465 1319 Aeschylus
490 1278 561 1308 Lini
585 1278 778 1308 cantilenam
802 1277 916 1318 Agam.
943 1278 1021 1315 104,
1053 1277 1222 1318 Euripides
1246 1276 1384 1307 Creticas
1407 1275 1573 1306 monodias
1597 1277 1628 1305 et
1650 1274 1709 1304 νό-

287 1332 365 1360 μους
386 1321 625 1361 κιθαρῳδικούς
652 1321 684 1351 111
708 1321 803 1351 fallor
827 1320 1005 1361 Terpandri
1029 1320 1196 1361 Aristoph.
1221 1319 1302 1350 Rau.
1330 1319 1402 1350 849.
1430 1319 1530 1356 1282,
1555 1317 1710 1358 (ἷηδόνιον

288 1364 387 1403 νόμον
409 1364 570 1405 Cleophon
595 1363 758 1405 Aristoph.
783 1363 864 1394 Rau.
890 1365 970 1401 6843
1002 1375 1039 1395 ex
1069 1363 1303 1404 antiquioribus
1322 1362 1507 1393 Alcmanem
1530 1361 1709 1392 nominasse

289 1408 443 1445 sufficiet,
477 1408 516 1439 fr.
541 1408 580 1438 52
604 1407 722 1447 Bergk.
783 1407 924 1445 Φρύγιον
953 1406 1089 1447 αὔλησεν
1110 1406 1231 1447 μέλος
1255 1404 1442 1446 Κερβήσιον,
1477 1405 1531 1435 nbi
1563 1404 1710 1434 attendas

288 1462 404 1492 quaeso
429 1451 467 1482 ad
492 1462 518 1481 v.
542 1450 653 1490 μέλος,
677 1452 709 1480 et
731 1449 934 1491 Sapphonem
958 1452 1054 1491 atque
1077 1451 1244 1487 Alcaeum,
1269 1449 1306 1480 de
1331 1449 1446 1489 quibus
1469 1448 1582 1479 Horat.
1606 1447 1710 1488 Epist.

287 1494 311 1531 I,
338 1495 388 1530 19,ι
413 1496 454 1525 28
478 1495 576 1525 dixit:
613 1495 781 1532 Temperat
803 1494 989 1525 Archilochi
1012 1504 1134 1525 musam
1153 1493 1234 1533 pede
1256 1494 1398 1524 mascula
1418 1491 1598 1532 Sappho,
1626 1491 1712 1521 Tem-

284 1541 380 1577 perat
403 1538 593 1575 Alcaeus,
623 1537 678 1568 sed
707 1537 801 1568 rebus
832 1541 860 1568 ct
890 1537 999 1568 ordine
1027 1538 1156 1578 dispar,
1190 1538 1275 1567 recte
1307 1536 1483 1576 explicatus
1506 1534 1559 1565 ille
1584 1534 1711 1574 quidem

290 1581 429 1622 primum
453 1581 493 1611 ab
516 1580 580 1611 Jul.
607 1580 738 1611 Caesare
762 1580 880 1610 Annal.
905 1580 1021 1611 Philol.
1046 1583 1078 1612 ct
1100 1581 1236 1620 Paedog.
1262 1579 1298 1610 T.
1322 1578 1515 1615 LXXXVII,
1540 1589 1570 1618 p.
1594 1579 1632 1608 15
1653 1587 1710 1619 sq.,

290 1625 379 1656 euius
402 1624 629 1665 interpretatio
653 1623 701 1653 his
724 1624 801 1664 ipsis
825 1634 904 1664 quae
929 1624 1034 1654 scribo
1060 1624 1187 1665 egregie
1211 1623 1366 1654 firmatur.
1425 1621 1468 1652 Et
1490 1621 1528 1652 de
1552 1621 1620 1661 ipso
1644 1620 1712 1650 Ho-

292 1679 378 1698 mero
403 1668 485 1698 idem
509 1669 648 1698 statuere
673 1667 792 1701 liceret,
818 1667 879 1697 nisi
902 1668 1120 1708 antiquiorum
1139 1669 1248 1697 vatum
1271 1666 1414 1697 carmina
1436 1676 1472 1696 ac
1495 1664 1580 1695 modi
1601 1663 1711 1694 musici

290 1722 418 1752 prorsus
442 1711 649 1741 interiissent.
707 1710 827 1745 Quibus
850 1710 1007 1741 calculum
1032 1711 1162 1743 adiiciat
1185 1709 1361 1750 Aeschylus
1391 1709 1475 1750 apud
1499 1707 1708 1749 Aristophan.

292 1754 371 1785 Ran.
400 1755 491 1790 1298,
517 1755 570 1784 nbi
596 1754 670 1784 haec
695 1753 864 1794 leguntur:

397 1796 468 1826 ἄλλ’
493 1796 551 1828 οὖν
573 1796 634 1833 ἐγώ
658 1796 863 1837 (Aeschylus)
885 1798 944 1836 μὲν
966 1797 998 1832 ές
1022 1798 1053 1827 τὸ
1077 1795 1177 1825 καλὸν
1202 1795 1236 1826 ἐκ
1258 1796 1312 1825 τοῦ
1335 1793 1435 1824 καλοῦ

396 1841 527 1880 ἤνεγκον
549 1840 629 1870 αἴθ’
653 1841 706 1879 (sc.
731 1837 976 1880 ἱμονιοστρόφου
994 1840 1096 1880 μέλη),
1120 1841 1174 1869 ἵνα
1195 1840 1237 1879 μή
1260 1838 1314 1869 τὸν
1336 1837 1434 1868 αὐτὸν
1459 1837 1606 1878 Φρυνίχῳ

296 1884 377 1915 1300
401 1883 541 1923 λειμῶνα
566 1884 710 1913 ΛΙουσιῦν
733 1881 820 1923 ἱερὸν
841 1882 984 1924 ὀφθείην
1006 1883 1150 1922 δρέπων·

399 1925 489 1963 οὗτος
512 1926 541 1957 δ’
565 1926 762 1966 (Euripides)
786 1925 851 1956 ἀπὸ
875 1926 1006 1956 πάντων
1028 1928 1087 1966 μὲν
1110 1927 1200 1966 φέρει
1223 1924 1412 1965 πορνιδίων,

400 1970 532 2000 σκολίων
556 1969 722 2009 ᾹῙελήτου,
749 1972 896 2010 Καρικῶν
919 1969 1179 2010 αὐλημάτων,

401 2014 546 2053 θρήνων,
576 2014 725 2052 χορείων,

293 2055 481 2095 quibuscum
505 2068 569 2087 non
592 2056 751 2087 inutiliter
773 2056 909 2087 conferri
934 2058 1102 2097 poterunt,
1128 2066 1208 2096 quae
1232 2054 1349 2085 Philol.
1373 2053 1409 2084 Τ.
1435 2053 1490 2089 XI,
1516 2064 1546 2093 p.
1566 2053 1622 2083 721
1641 2063 1710 2093 sqq.

292 2099 329 2130 de
354 2100 520 2131 cantilenis
545 2100 751 2140 popularibus
774 2100 916 2130 disserui.
963 2099 1046 2129 Hinc
1072 2100 1160 2140 patet
1184 2109 1248 2129 non
1272 2109 1337 2129 esse
1360 2108 1416 2128 cur
1434 2096 1594 2137 Bergkius
1613 2095 1713 2134 ὕμνον

292 2143 324 2172 111
350 2140 419 2171 ι’ὶόν
443 2146 559 2179 mutet;
583 2143 705 2173 accedit
728 2143 812 2183 quod
838 2143 914 2174 haec
938 2154 997 2173 vox
1022 2145 1094 2183 post
1117 2153 1164 2172 vv.
1189 2142 1243 2177 σὸς
1258 2142 1358 2181 πατὴρ
1376 2152 1418 2171 vs.
1440 2141 1478 2171 14
1494 2139 1583 2170 illata
1598 2139 1714 2169 mirum

293 2188 448 2226 qnantum
473 2187 613 2227 languet.
669 2186 813 2216 Ceterum
844 2186 877 2216 in
902 2186 999 2217 Arist.
1026 2186 1106 2216 Rau.
1132 2197 1159 2216 v.
1186 2185 1267 2216 1301
1295 2184 1473 2215 Meinekius
1497 2182 1654 2223 sagaciter
1677 2183 1713 2212 ut

293 2229 374 2259 solet
397 2229 525 2259 πάντων
540 2229 708 2268 μεταφέρει
727 2229 915 2269 πορνῳδίων
931 2229 1132 2259 scribendum
1150 2240 1216 2259 esse
1236 2228 1386 2267 conjecit:
1411 2227 1465 2258 sed
1487 2227 1577 2266 φέρει
1592 2225 1713 2256 dictum

294 2275 341 2302 est
361 2275 397 2302 ut
415 2273 546 2312 ἤνεγκον
558 2285 583 2303 v.
601 2273 682 2302 1299
695 2274 726 2302 et
739 2283 766 2302 v.
781 2272 931 2311 πορνίδια
943 2273 980 2303 de
994 2272 1188 2303 carminibus
1203 2272 1242 2302 ab
1258 2270 1468 2302 meretriculis
1491 2269 1629 2300 cantatis
1651 2268 1712 2299 dici
