2007 2635
936 258 957 292 8

237 352 339 382 50111111
362 351 484 381 6111111115
510 350 614 381 1601165
638 361 822 392 aggressum
845 361 932 387 6556,
967 351 1020 381 sed
1043 351 1140 382 etiam
1175 353 1317 383 cominus
1342 354 1498 385 cecidisse.
1525 373 1563 378 —-
1588 354 1651 385 σαί-

236 405 311 434 ματι
335 416 342 423 .
359 416 366 423 .
390 392 604 432 ἀσθμαίνοντι
622 405 686 425 11011
711 395 794 424 recte
811 392 868 433 Ty.
888 393 1133 425 Mommsenius:
1159 395 1197 425 ad
1222 407 1249 426 v.
1274 396 1380 436 ἄθυρε
1403 398 1525 428 attendi
1548 398 1650 429 debet.

239 457 279 460 —
297 436 432 476 Ἑξέτης,
468 436 551 467 1111116
575 448 729 468 annorum
752 448 921 467 numerum
952 448 989 467 ex
1011 435 1195 478 ὑποθήκαις
1218 440 1395 478 Χείρωνος,
1431 441 1568 472 carmine
1592 441 1656 472 He-

239 481 362 517 siodeo.
386 480 587 521 desumptum
610 491 676 511 esse
698 481 769 511 coll.
796 480 927 515 Quintil.
952 480 1030 510 Inst.
1057 480 1144 511 Orat.
1170 481 1197 518 Ι,
1226 483 1256 518 1,
1282 482 1318 512 21
1346 483 1476 523 pulchre
1499 483 1658 525 Bergkius

238 525 259 555 1.
280 535 305 555 6.
329 524 566 554 demonstravit.
593 543 631 545 —
674 523 751 555 Dele
774 534 897 553 comma
918 525 989 564 post
1013 535 1043 554 n.
1065 523 1201 554 Ἀθάνα
1224 526 1373 566 positum.

856 566 932 596 Patr.
960 567 1030 597 386.

325 609 506 649 mirantur]
549 606 701 644 Ἀθάνα,
733 619 828 649 quam
859 592 922 650 pei?
947 612 1049 640 totam
1076 610 1175 640 vitam
1208 610 1375 641 fautricem
1407 609 1656 650 adiutricemque

238 652 359 683 habuit.

323 694 495 735 Ἠπιόνης.]
550 692 641 723 Hane
681 693 783 733 ipsam
816 694 920 725 lenem
963 695 1160 735 peritamque
1202 695 1340 725 vulneris
1374 694 1509 724 recentis
1539 695 1658 724 tracta-

239 739 360 769 tionem
385 737 490 768 Sosiae
514 737 624 777 patera
652 737 725 766 ante
751 737 858 768 oculos
891 738 983 778 ponit
1010 740 1250 778 repraesentans
1274 737 1428 768 Achillem
1453 747 1565 767 manus
1587 748 1658 768 verc

241 782 377 812 medicas
401 780 540 811 Patrocli
570 779 755 809 vulneribus
785 780 1006 811 adhibentem:
1038 792 1065 811 v.
1097 780 1249 812 Gerhard.
1284 782 1317 811 in
1348 780 1429 811 libro
1457 780 1658 811 Griechische

240 825 307 856 med
330 824 520 855 etrush'sehe
545 822 773 853 Triulcsclzalen
794 824 860 854 tab.
885 824 932 855 VI
956 827 987 854 et
1011 824 1082 861 VII.
1106 824 1177 855 coll.
1201 836 1230 865 p.
1257 824 1285 855 7.

324 867 511 907 Welckeri,]
536 877 629 906 quem
653 876 738 896 nunc
762 866 831 897 vide
856 867 889 897 111
913 866 1049 907 Mythol.
1073 867 1127 898 Grr.
1152 867 1187 897 T.
1213 867 1254 903 Π,
1280 879 1309 908 p.
1335 868 1406 898 683.

324 911 446 941 laudari
456 911 478 950 ι]
511 909 656 950 exposita
678 911 784 939 autem
816 912 907 941 erant
931 910 1007 941 haec
1030 912 1200 951 praecepta
1222 911 1255 941 in
1280 911 1440 949 Χείρωνος
1461 908 1656 950 ὑποθήκαις,

240 956 384 995 poemate
417 954 502 984 claro
532 952 638 994 gentis
666 952 856 983 Hesiodeae:
891 965 918 983 v.
952 964 1024 984 ann.
1061 954 1099 984 ad
1130 965 1172 984 vs.
1199 954 1249 984 49.
1283 973 1322 975 —
1375 952 1453 984 Cum
1484 953 1657 984 scholiasta

239 998 377 1038 explicet
404 997 532 1037 ἔτρεφεν
559 996 593 1025 ἐν
621 1000 685 1031 τοῖς
708 995 874 1034 ἁρμοδίοις
902 998 955 1026 καὶ
983 998 1173 1036 προςὴκουσι
1202 998 1256 1037 τὴν
1283 995 1461 1034 Ἀχιλλέως
1490 996 1657 1026 παιδεύων

239 1043 366 1080 ψυχήν,
401 1042 433 1071 et
462 1039 688 1081 paraphrastes
720 1040 839 1069 scribat
861 1040 905 1075 εἰς
937 1042 1033 1070 ταῦτα
1065 1039 1209 1070 ἀτίταλλε
1238 1040 1292 1070 τὸν
1317 1038 1469 1078 Ἀχιλλέα
1494 1038 1510 1069 ὁ
1533 1040 1658 1079 Χείρων

239 1082 380 1123 ἁρμοστά
403 1081 489 1124 αὐτῷ
512 1083 638 1113 πάντα
661 1083 825 1121 παρέχων,
860 1082 1024 1114 Heckerus
1048 1083 1162 1114 Philol.
1195 1083 1231 1113 T.
1256 1083 1284 1113 V
1309 1095 1338 1124 p.
1362 1084 1424 1113 448
1453 1084 1537 1114 recte
1562 1085 1657 1113 πᾶσι

238 1127 347 1165 θυμὸν
368 1127 516 1167 corrigit.
548 1126 734 1166 praesertim
757 1136 828 1156 cum
851 1128 994 1157 veterum
1017 1129 1183 1167 poetarum
1208 1138 1265 1157 usu
1294 1126 1372 1157 haec
1395 1126 1547 1157 correctio
1571 1137 1656 1157 com-

239 1171 409 1211 probetur:
434 1181 462 1200 v.
480 1169 614 1200 Theocr.
632 1168 701 1205 XV.
729 1169 787 1199 111
813 1170 962 1199 πάντεσσι
984 1169 1093 1205 καλοῖς
1116 1169 1273 1200 ἀτιτάλλει
1291 1169 1441 1199 Ἄδωνιν.
1484 1170 1656 1200 Contendit

240 1214 367 1254 quidem
398 1213 479 1243 male
509 1223 620 1243 sonare
653 1211 826 1251 ἀρμένοισι
857 1215 946 1242 πᾶσι
978 1212 1164 1244 Mommsen.
1198 1213 1237 1244 ad
1262 1213 1290 1243 h.
1315 1213 1355 1243 l.:
1391 1212 1445 1243 sed
1476 1214 1511 1243 ut
1540 1213 1573 1243 in
1596 1213 1656 1243 hoc

239 1257 378 1287 carmine
400 1268 442 1287 vs.
462 1257 501 1287 73
525 1257 625 1285 παισὶ
648 1257 754 1285 νέοισι
778 1255 933 1287 Pindarus
967 1257 1033 1287 sine
1058 1257 1269 1287 haesitatione
1296 1256 1475 1297 composuit
1498 1258 1530 1287 et
1552 1267 1594 1286 vs.
1614 1257 1655 1287 43

239 1302 306 1340 μὲν
332 1302 466 1339 μένων,
500 1300 545 1330 ita
568 1298 685 1329 Thren.
709 1299 747 1329 fr.
770 1298 799 1335 Ι,
835 1300 849 1329 1
885 1301 948 1338 μὲν
975 1301 1097 1338 μένος,
1133 1299 1226 1340 Pyth.
1252 1299 1343 1336 VHL
1379 1300 1418 1330 39
1449 1299 1512 1330 τὸν
1539 1299 1654 1339 ὅνπερ,

240 1343 355 1384 fragm.
380 1343 440 1373 inc.
466 1344 543 1379 137.
570 1343 588 1372 3
620 1341 678 1381 ἅμ”
697 1341 899 1380 Ἀμιὶζονος,
925 1342 972 1373 01.
999 1342 1074 1379 VII,
1099 1344 1139 1374 59
1173 1341 1370 1381 ἀκλάρωτον
1393 1341 1511 1379 λίπον,
1546 1342 1655 1379 ἁγνόν

239 1387 344 1423 θεόν,
380 1386 423 1417 ib.
449 1387 486 1416 61
512 1385 635 1425 μέλλεν
659 1386 784 1424 θέμεν,
819 1385 914 1425 Pyth.
940 1386 1013 1423 VH,
1047 1387 1065 1417 9
1095 1386 1238 1416 πάσαισι
1272 1386 1332 1425 γάρ
1356 1385 1523 1422 πολίεσσι,
1558 1385 1653 1426 Pyth.

239 1430 282 1466 II,
309 1431 327 1460 S
351 1429 531 1467 ἀγαναῖσιν
553 1429 587 1459 ἐν
616 1430 724 1469 χερσί,
759 1429 828 1459 3(1(1.
852 1429 893 1460 11).
918 1431 969 1460 45.
994 1431 1052 1466 65,
1088 1432 1119 1461 et
1143 1441 1170 1460 v.
1197 1429 1334 1461 Lobeck.
1367 1429 1406 1460 ad
1435 1428 1532 1470 Soph.
1564 1428 1653 1460 Aiac.

241 1474 291 1504 61.
318 1491 357 1495 —
381 1473 513 1512 θυμὸν
537 1472 674 1508 αὔξων,
698 1472 834 1503 formula
856 1472 1028 1509 homerica.
1052 1472 1147 1504 Hom.
1171 1472 1207 1503 Il.
1231 1475 1264 1504 P.
1289 1473 1360 1503 226.

324 1516 536 1556 frementem]
581 1518 731 1545 Λυκίων
752 1527 787 1545 τε
812 1541 817 1546 ,
843 1538 850 1544 .
874 1518 936 1545 καὶ
962 1516 1140 1557 Φρυγίων
1169 1515 1383 1555 Δαρδάνων
1411 1526 1463 1551 τε,
1493 1516 1531 1546 de
1556 1515 1654 1556 parti-

241 1560 385 1590 cularum
407 1571 437 1589 τε
460 1561 512 1588 καὶ
542 1559 750 1589 collocatione
778 1559 817 1589 cf.
843 1558 935 1590 Nem.
958 1559 1021 1597 IV.
1054 1561 1087 1597 9,
1119 1560 1157 1590 de
1181 1559 1295 1600 copula
1315 1570 1346 1588 τε
1369 1560 1441 1599 post
1463 1569 1516 1600 pp.
1547 1569 1577 1588 τε
1598 1560 1655 1587 καὶ

239 1603 362 1643 adjecta
385 1602 443 1643 Ty.
460 1602 645 1633 Mommsen.
670 1602 788 1632 Adnot.
812 1602 881 1633 crit.
906 1603 1009 1644 suppl.
1034 1615 1063 1644 p.
1091 1604 1161 1633 194.
1187 1622 1226 1624 —
1267 1601 1492 1642 Δαρδάνων,
1515 1601 1552 1632 (16
1575 1601 1654 1632 Tro-

238 1646 321 1677 ianis
343 1649 375 1677 et
391 1646 529 1677 Hectore
550 1646 678 1681 dictum,
704 1657 731 1675 v.
750 1645 879 1676 Encom.
904 1646 943 1676 fr.
969 1647 1000 1676 3.
1025 1646 1115 1687 Lycii
1126 1646 1333 1687 Phrygesque
1356 1647 1486 1686 propter
1509 1655 1654 1684 magnam

240 1689 449 1720 barbarorum
485 1689 608 1730 copiam
646 1689 686 1719 ab
718 1688 845 1719 Achille
882 1690 1009 1729 praeliis
1042 1690 1185 1720 fusorum
1219 1689 1385 1719 nominati.
1418 1707 1456 1710 —
1502 1690 1652 1726 Χεῖρας,

240 1732 401 1774 Bergkius
422 1734 598 1773 suspectat:
624 1732 691 1762 sine
714 1742 816 1768 causa,
842 1743 870 1762 v.
888 1732 981 1763 Hom.
1007 1733 1043 1763 Il.
1070 1733 1110 1769 Φ,
1135 1734 1196 1763 469
1220 1732 1387 1772 μιγήμεναι
1408 1731 1443 1761 ἐν
1458 1730 1653 1773 παλάμῃσιν.

860 1774 938 1815 Pag.
963 1777 1034 1806 387.

326 1819 492 1858 editione]
534 1817 595 1848 Ἐν
617 1820 738 1859 φρασὶ
760 1815 933 1855 πάξαιθ’,
969 1821 1016 1850 est
1039 1821 1138 1860 φρασὶ
1160 1819 1277 1855 forma,
1314 1829 1375 1858 qua
1398 1817 1552 1848 Pindarus
1584 1817 1654 1848 ubi-

240 1872 301 1902 que
324 1863 434 1898 utitur,
459 1873 487 1892 v.
514 1861 571 1902 Ty.
599 1861 784 1892 Mommsen.
805 1862 923 1893 Adnot.
948 1863 1018 1892 crit.
1043 1863 1144 1903 suppl.
1171 1874 1200 1903 p.
1218 1863 1275 1897 7&
1311 1863 1363 1892 πά
1372 1863 1480 1898 ξαιτο
1504 1861 1652 1897 1116(1111111,

240 1905 311 1935 31115
341 1906 375 1935 111
398 1905 475 1936 10615
497 1905 635 1935 activum
658 1905 811 1946 positum,
844 1917 871 1935 v.
896 1905 991 1946 Pyth.
1016 1905 1060 1942 II.
1086 1907 1140 1936 91:
1170 1906 1215 1936 sic
1238 1904 1365 1944 δρέπων
1389 1905 1513 1945 Olymp.
1541 1905 1575 1941 1,
1602 1905 1651 1940 13,

240 1947 418 1988 δρέπεσθαι
442 1948 534 1979 Nem.
551 1948 589 1985 H,
615 1949 633 1978 9
656 1950 688 1979 et
711 1949 812 1979 multa
827 1949 898 1986 alia,
923 1959 1057 1989 quorum
1080 1951 1203 1990 partem
1218 1948 1347 1989 collegit
1366 1949 1450 1980 idem
1464 1947 1651 1978 Mommsen.

240 1991 260 2021 1.
274 2002 299 2021 c.
318 2003 347 2033 p.
365 1992 436 2022 204.
455 2011 494 2014 —
518 1990 640 2030 ὄπιξσω
664 1991 783 2021 πάλιν
805 1991 940 2031 οἴκαδ’,
964 1992 1137 2022 cumulatio
1153 1992 1320 2022 notabilis:
1344 1992 1438 2023 Hom.
1457 1990 1513 2022 Od.
1538 1990 1565 2029 λ,
1592 1991 1651 2021 149

241 2033 342 2065 πάλιν
365 2034 495 2074 ὀπίσσω,
520 2034 614 2065 Hom.
630 2035 740 2075 hymn.
764 2035 797 2065 111
815 2035 918 2066 Cerer.
933 2036 994 2066 205
1019 2035 1124 2065 ἔπειτα
1146 2036 1351 2074 μεθύστερον,
1375 2035 1470 2076 Soph.
1486 2034 1574 2065 Aiac.
1590 2034 1653 2064 414

242 2077 345 2108 πολὺν
368 2078 469 2117 δαρὸν
490 2078 616 2117 χρόνον,
639 2078 680 2108 id.
705 2077 814 2119 Oedip.
840 2078 949 2110 Colon.
974 2079 1057 2109 1408
1080 2077 1178 2113 αὖθις
1201 2076 1243 2108 αὖ
1265 2079 1373 2115 πάλιν,
1398 2078 1508 2119 Ε111·11).
1530 2077 1651 2108 Hecub.

241 2122 303 2152 489
327 2122 347 2161 ἢ
368 2121 472 2158 δόξαν
495 2120 601 2157 ἄλλως
622 2120 710 2161 τήνδε
740 2124 911 2163 κεκτῆσθαι
932 2124 1036 2162 μάτην
1061 2121 1184 2162 Ψευδῆ,
1214 2121 1378 2163 Aristoph.
1404 2121 1491 2152 Nub.
1515 2121 1577 2152 975
1599 2119 1652 2149 εἴτ’

241 2163 282 2193 αὖ
317 2164 418 2195 πάλιν
449 2162 548 2200 αὖθις
581 2163 808 2203 ἀνιστάμενονε
843 2176 946 2206 neque
977 2165 1069 2196 aliter
1098 2164 1225 2195 Latini:
1260 2164 1348 2205 Virg.
1380 2165 1461 2196 Aen.
1489 2164 1552 2201 VI„
1590 2163 1650 2193 146

243 2217 378 2247 namque
410 2209 492 2247 ipse
524 2209 656 2239 volens
680 2209 896 2247 facilisque
923 2212 1085 2247 sequetur:
1120 2208 1182 2238 alia
1209 2210 1391 2239 monstrant
1423 2207 1578 2239 Schaefer.
1614 2206 1652 2236 ad

244 2249 376 2292 Gregor.
411 2251 554 2282 Corinth.
590 2262 621 2292 p.
647 2252 718 2282 169.
763 2251 843 2282 Bak.
874 2252 912 2282 ad
936 2251 1092 2282 Cleomed.
1118 2251 1249 2282 Meteor.
1275 2263 1304 2292 p.
1330 2252 1402 2282 321.
1449 2250 1588 2282 Ellendt.
1612 2249 1651 2279 ad

238 2293 366 2324 Arrian.
391 2293 509 2335 Exped.
532 2294 623 2325 Alex.
646 2294 670 2331 Ι,
695 2295 744 2331 27,
771 2296 799 2325 4.
