2007 2635
971 247 991 277 5

284 337 322 368 ad
345 335 460 367 Macar.
484 335 524 371 V,
549 336 568 365 4
592 334 627 365 Τ.
652 334 699 365 ΙΙ;
729 333 803 364 111110
834 332 888 373 qui
917 331 1004 362 fumo
1027 330 1083 361 vili
1106 333 1138 361 et
1160 331 1193 361 iu
1226 330 1336 361 nubila
1358 330 1488 361 abeunti
1518 339 1633 369 aquam
1656 328 1705 359 of-

284 379 400 415 fundit,
424 389 489 409 rem
511 389 624 408 vanam
647 377 715 418 agit
737 376 885 416 omnique
909 375 1024 405 effectu
1047 375 1216 404 carentem.
1262 373 1373 413 Itaque
1397 374 1502 403 verto:
1527 372 1636 412 obtiyit
1653 372 1705 403 bo-

283 433 397 454 norum
420 420 692 457 obtrectatoribus,
716 422 751 450 ut
773 428 888 458 aquam
909 419 997 457 fumo
1019 418 1128 457 ferant
1150 417 1282 455 obviam,
1307 417 1327 447 i.
1352 427 1377 447 e.
1402 415 1607 447 obtrectando
1630 426 1707 456 ope—

284 476 351 496 ram
374 465 522 506 perdant:
547 464 642 499 vides,
667 463 705 493 iis
727 472 807 502 quae
830 461 1005 501 sequuntur
1027 459 1141 499 ἑτέρων
1156 463 1215 490 κτλ.
1238 460 1373 490 ironiam
1394 459 1551 499 quandam
1568 458 1705 489 subesse.

284 508 381 539 Recte
404 506 605 538 Aristarchus
628 507 661 536 in
685 504 818 537 Scholiis
840 504 879 535 ad
903 515 946 534 vs.
973 504 1030 534 34:
1062 508 1126 538 τοῖς
1149 502 1183 532 δὲ
1214 501 1285 537 τούς
1310 501 1461 539 α’γαθούς
1488 502 1707 541 μεμφομένοις

284 553 373 581 Δτοῦτο
397 550 544 588 λέλογχεν
572 551 626 578 καὶ
657 547 863 587 ὑποκείμενον
891 546 991 585 ἐστίν,
1024 545 1091 576 οἷον
1114 544 1305 583 ἄκολουθεῖ,
1339 544 1443 584 ὥσπερ
1474 545 1587 586 καπνῷ
1618 543 1705 584 ὕδωρ

284 596 394 635 φέρειν
416 592 533 623 ἅντῖον.
587 592 733 623 Ceterum
766 590 938 628 λαγχάνειν
959 590 1018 620 τινί
1045 600 1107 629 (1110
1139 600 1232 620 sensu
1265 589 1443 629 accepimus
1475 588 1559 629 apud
1594 589 1705 628 poetas

284 638 432 678 antiquos
464 646 549 666 nunc
580 635 706 676 quidem
734 645 799 664 non
826 633 950 664 videtur
981 634 1119 663 exstare:
1151 632 1203 663 sed
1236 631 1436 662 Aristarchus
1466 630 1642 672 opitulatur
1673 632 1706 661 et

285 681 435 711 seriorum
465 679 675 709 consuetudo:
706 689 733 707 v.
765 676 924 708 Schaefer.
953 676 990 706 ad
1020 675 1138 706 Julian.
1171 686 1214 706 or.
1247 675 1410 706 Constant.
1446 674 1543 715 praef.
1578 685 1607 714 p.
1632 673 1704 704 XII.

285 723 388 754 Aliter
411 733 482 753 vero
506 722 611 752 locum
634 721 780 762 expedire
803 720 910 750 conati
933 720 1008 749 sunt
1031 718 1221 749 Rauchenst.
1240 717 1358 749 Comm.
1376 717 1488 748 Pindd.
1513 717 1547 747 P.
1568 717 1592 754 Ι,
1618 728 1647 757 p.
1664 717 1705 746 20

285 768 317 797 et
339 766 373 797 in
396 765 509 796 Philol.
535 764 570 795 T.
596 764 684 801 XHI,
708 775 738 804 p.
764 763 835 800 248,
861 762 994 793 Ahrens.
1019 762 1053 791 in
1076 761 1189 792 Philol.
1215 761 1250 791 T.
1276 761 1361 797 XVI,
1387 772 1416 802 p.
1441 761 1491 791 55.

903 805 979 845 Pag.
1006 805 1078 835 363.

369 851 506 882 carmine
529 851 640 890 110110.]
687 849 723 880 In
747 851 837 880 textu
860 859 982 879 comnia
1006 850 1077 888 post
1102 859 1128 877 v.
1153 847 1298 886 προιδεῖν
1320 846 1502 887 ponendum
1524 847 1586 877 est:
1620 847 1705 876 recte

285 895 369 925 enim
393 894 583 925 Rauchenst.
608 893 726 924 Comm.
753 892 844 923 Pind.
869 891 905 922 T.
930 891 955 927 I,
980 902 1009 931 p.
1035 892 1071 921 21
1098 891 1240 931 scripsit:
1274 889 1434 930 »pendent
1458 900 1505 919 vv.
1535 888 1707 928 ἐσσόμενον

284 938 427 975 προιδεῖν
449 948 467 967 a
489 937 591 977 φρήν,
624 938 656 967 01
679 937 816 973 συγγενὲς
848 933 892 970 οἷς
920 936 1026 964 ἕπεται
1056 945 1121 964 11011
1144 934 1245 964 solum
1268 933 1306 963 ad
1329 933 1443 972 φρένα,
1475 932 1528 963 sed
1549 932 1644 962 etiam
1667 932 1706 962 ad

284 981 400 1015 σθένος
424 980 601 1021 pertinent:
626 981 726 1010 verte:
751 979 864 1018 quibus
886 978 1060 1017 iuglandium
1083 980 1129 1007 est
1153 987 1260 1008 eorum
1283 976 1349 1015 aysz‘t
1369 976 1525 1015 fortitudo
1548 976 1582 1006 in
1603 975 1706 1013 rebus,

286 1024 318 1054 in
341 1023 620 1054 deliberationibus
640 1032 727 1053 mens
747 1022 886 1061 provida
906 1021 1021 1060 futuri.
1068 1019 1150 1050 Nam
1173 1020 1250 1050 illud
1271 1020 1358 1058 φυᾷ,
1389 1029 1452 1059 qua
1483 1019 1589 1049 datam
1612 1020 1707 1059 poeta

284 1077 409 1107 quoque
422 1067 517 1097 habet
534 1077 622 1096 suam
641 1068 750 1102 artem,
775 1065 950 1105 explicatur
969 1063 1072 1094 verbis
1091 1064 1233 1100 συγγενὲς
1248 1061 1293 1097 οἷς
1308 1063 1445 1092 gustat«.
1464 1081 1503 1083 —
1529 1063 1562 1091 H
1566 1072 1582 1100 ρ
1591 1061 1706 1096 α’σσει,

285 1110 368 1151 agit,
403 1111 564 1150 operatur,
598 1120 625 1139 v.
660 1108 774 1139 Thren.
806 1108 842 1138 fr.
868 1107 899 1138 II
922 1118 947 1137 c.
979 1108 1088 1137 annot.
1114 1125 1153 1128 —
1195 1104 1392 1145 Προιδεῖν,
1428 1105 1465 1135 de
1497 1105 1656 1135 infinitivo
1689 1116 1708 1134 a

286 1153 483 1183 substantivo
507 1151 592 1192 φρήν
615 1152 772 1193 pendente
795 1162 821 1181 v.
836 1150 992 1191 Kruegeri
1010 1149 1147 1180 Gramm.
1171 1148 1223 1179 Gr.
1248 1149 1274 1188 ξ.
1290 1150 1339 1185 55,
1356 1150 1384 1185 3,
1399 1149 1427 1179 9.
1448 1166 1486 1170 -
1511 1149 1707 1186 Συγγενές,

285 1196 324 1227 ad
348 1197 464 1231 σθένος
486 1195 621 1226 relatum
644 1196 700 1231 est,
729 1205 757 1225 v.
783 1194 982 1235 Kruegerum
1005 1193 1024 1223 l.
1050 1203 1075 1223 c.
1100 1193 1126 1233 ᾖ.
1152 1194 1202 1229 58,
1226 1193 1254 1229 2,
1279 1192 1307 1228 2,
1333 1191 1368 1222 T.
1393 1191 1434 1228 II,
1459 1203 1489 1232 p.
1513 1191 1585 1222 278.

905 1236 949 1267 Pa
975 1261 981 1266 .
1007 1236 1079 1266 364.

371 1293 434 1312 non
456 1282 678 1323 attingentes]
724 1280 857 1311 Sensum
881 1247 1119 1311 locigDissenus
1149 1289 1212 1309 non
1236 1278 1360 1309 videtur
1389 1277 1593 1318 perspexisse.
1632 1276 1707 1316 Ἔρ-

284 1335 427 1362 χονται,
452 1325 591 1361 νο11111111,
615 1324 777 1360 incedunt,
802 1323 915 1354 fortius
929 1324 1085 1363 estquam
1102 1321 1177 1358 εἰσί,·
1201 1321 1245 1352 sic
1268 1322 1414 1361 φαίνεται
1439 1332 1495 1361 pro
1508 1319 1630 1360 vulgari
1645 1319 1708 1349 ἐστὶ

286 1367 376 1398 Pind.
402 1367 495 1408 Pyth.
519 1368 596 1404 XII,
621 1368 671 1404 29,
696 1367 751 1397 ubi
773 1378 802 1397 v.
826 1366 943 1402 Tafel.‚
969 1365 1124 1395 θάλασσα
1147 1366 1250 1405 ἕστηκε
1273 1363 1390 1395 Simon.
1414 1363 1545 1404 Amorg.
1571 1363 1607 1393 fr.
1634 1362 1706 1399 VII,

287 1411 342 1446 38,
376 1412 579 1450 καθέσταμεν
608 1410 748 1450 Thucyd.
779 1410 808 1446 I,
834 1410 890 1447 32,
922 1410 958 1439 4:
993 1409 1054 1439 alia
1082 1408 1264 1449 suppeditat
1296 1407 1494 1448 Peerlkamp.
1525 1406 1564 1437 ad
1594 1405 1706 1436 Horat.

286 1453 387 1485 carm.
412 1454 436 1491 I,
464 1455 501 1485 19
524 1455 576 1485 fin.
602 1473 641 1476 —-
683 1452 939 1485 Πολυπόνων
970 1451 1132 1491 ἀνδρῶν
1160 1453 1195 1481 111
1218 1450 1364 1491 Sophocl.
1389 1450 1477 1481 Aiac.
1502 1450 1564 1480 686
1588 1449 1707 1480 dictum

285 1497 323 1528 de
346 1498 420 1528 viris
443 1497 623 1533 laboriosis,
655 1497 709 1537 qui
733 1507 864 1537 magnas
892 1507 941 1527 res
963 1495 1140 1536 suscipiunt
1162 1496 1258 1534 atque
1281 1494 1319 1524 ad
1342 1494 1439 1524 finem
1468 1493 1636 1534 perducere
1659 1493 1709 1523 ni-

286 1542 408 1571 tuntur.
423 1559 463 1562 —
488 1543 516 1570 K
522 1543 640 1576 οιναῐ,
665 1551 745 1580 quae
768 1539 960 1580 reipublicae
980 1538 1157 1569 consulunt.
1205 1537 1292 1568 Dicit
1316 1538 1425 1577 poeta:
1449 1547 1520 1577 spes
1542 1547 1565 1566 s.
1577 1535 1708 1566 consilia

287 1584 425 1614 virorum
448 1594 518 1614 vere
543 1584 772 1614 laboriosorum
802 1594 867 1613 rem
899 1582 1058 1623 publicam
1087 1580 1342 1620 complectuntur
1371 1580 1550 1620 civiumque
1579 1590 1628 1609 res
1654 1590 1709 1609 au-

287 1637 361 1668 gere
384 1627 521 1657 student.
568 1626 635 1663 Qua
658 1626 815 1657 sententia
839 1625 1012 1656 similitudo
1036 1635 1116 1665 quae
1141 1634 1210 1654 cnm
1235 1622 1371 1654 Hercule
1390 1623 1536 1653 Chromio
1559 1624 1607 1653 est
1628 1622 1709 1652 indi-

286 1671 375 1700 catur
397 1672 430 1701 et
451 1669 559 1700 fabula
583 1671 615 1701 in
640 1669 846 1710 sequentibus
870 1668 1073 1710 proponenda
1101 1668 1307 1708 praeparatur
1330 1666 1469 1707 pulchre.

906 1712 950 1742 Pa
976 1735 982 1741 .
1008 1712 1079 1741 365.

373 1767 402 1796 p.
428 1756 516 1795 353]
561 1755 697 1793 Λόγον
724 1755 806 1786 idem
829 1755 914 1786 valet
937 1722 1021 1795 (ἔιοᾶ
1053 1752 1144 1783 τόνδε
1166 1753 1220 1783 τὸν
1242 1751 1353 1790 λόγον,
1387 1763 1414 1782 v.
1440 1750 1565 1792 Olymp.
1590 1750 1632 1788 II,
1657 1750 1708 1787 22,

288 1797 380 1839 Corp.
406 1798 500 1829 Inscr.
527 1798 635 1829 Graec.
661 1798 697 1829 T.
722 1798 763 1835 Il,
787 1810 818 1829 n.
843 1799 936 1835 2851,
962 1798 985 1834 Ι,
1010 1799 1045 1827 3;
1070 1795 1086 1826 ὁ
1110 1795 1204 1833 λόγος
1226 1795 1380 1826 Pindarus
1401 1795 1481 1825 (lixit
1498 1794 1589 1834 Pyth.
1613 1793 1637 1831 Ι,
1657 1794 1706 1823 35.

374 1844 481 1872 notam
507 1842 565 1873 sub
588 1843 703 1882 textu,]
726 1842 760 1872 in
783 1853 845 1883 qua
868 1842 1022 1872 Dissenus
1045 1840 1131 1870 οὔτοι
1155 1839 1195 1869 ab
1218 1838 1403 1869 Hermanno
1437 1838 1602 1868 inventum
1625 1839 1708 1867 recte

289 1885 528 1915 commendavit.
583 1885 646 1916 Alii
677 1885 784 1916 aliter:
816 1896 859 1915 vs.
886 1886 926 1915 35
957 1884 1000 1919 ὥς
1022 1884 1044 1913 τ’
1068 1883 1134 1922 ἄρα
1157 1882 1205 1913 vel
1229 1881 1271 1917 ὦς
1302 1892 1393 1920 ποτε,
1427 1892 1470 1911 vs.
1497 1881 1536 1911 37
1561 1879 1604 1915 ὤς
1625 1880 1650 1909 τ’
1671 1878 1709 1910 οὔ

290 1926 573 1959 Rauchensteinius
595 1929 731 1959 coniecit
754 1928 868 1959 Phjlol.
893 1927 928 1958 T.
955 1927 1043 1963 XIII,
1068 1938 1097 1967 p.
1124 1926 1196 1963 248,
1221 1925 1324 1964 ὥσπερ
1347 1925 1382 1954 ἐκ
1406 1925 1454 1955 vel
1480 1923 1522 1959 ὠς
1544 1923 1594 1962 ἄρ’
1616 1922 1669 1952 ἐκ.
1683 1944 1709 1952 ..

289 1969 329 2005 ὥς
354 1969 374 2000 τ’
398 1970 435 2000 οὕ
458 1971 587 2012 Kayser.
614 1972 726 2003 Diurn.
751 1971 888 2002 Vindob.
913 1971 949 2002 T.
971 1970 1034 2004 GV,
1058 1981 1088 2012 p.
1108 1970 1178 2005 111,
1203 1967 1357 2004 ὥς..ὦπ’
1379 1966 1417 1998 οὗ
1441 1967 1575 1997 Ahrens.
1596 1966 1708 1997 Philol.

290 2013 324 2043 T.
352 2013 436 2050 XVI,
463 2026 491 2055 p.
517 2016 567 2051 56,
590 2014 685 2045 τοῦδ’.
709 2014 872 2053 ὄπᾳ..οῗς
896 2015 920 2044 τ’
943 2012 982 2044 οὔ
1005 2013 1102 2053 Tych.
1128 2012 1312 2042 Mommsen.
1337 2011 1375 2042 ad
1398 2011 1427 2041 h.
1447 2011 1484 2041 l.:
1510 2021 1525 2041 e
1550 2009 1711 2040 codicibus

289 2068 306 2087 a
330 2056 539 2088 Mommsenio
563 2058 687 2089 collatis
710 2058 804 2089 lectio
828 2060 955 2089 enotata
980 2059 1028 2087 est
1050 2056 1153 2091 nulla,
1186 2066 1266 2096 quae
1291 2055 1443 2085 auxilium
1467 2054 1535 2083 loco
1559 2053 1665 2083 ferret.

376 2112 404 2141 p.
431 2102 518 2141 5328,]
542 2103 573 2132 01
597 2112 676 2142 quae
700 2101 837 2132 Meinek.
863 2101 931 2132 Del.
959 2100 1060 2130 l‘oett.
1086 2098 1215 2129 Anthol.
1241 2098 1293 2128 Gr.
1319 2110 1348 2139 p.
1373 2098 1433 2128 144
1456 2098 1487 2127 et
1511 2095 1709 2126 G.Di11dorf.

290 2143 323 2173 in
347 2143 386 2173 H.
405 2144 557 2184 Stephani
581 2144 670 2175 Thes.
696 2144 730 2175 L.
749 2144 802 2175 Gr.
821 2144 856 2174 T.
874 2144 919 2175 IV
945 2144 1024 2174 Add.
1040 2143 1077 2173 ad
1098 2154 1128 2183 p.
1146 2142 1208 2172 533
1232 2141 1416 2172 attulerunt.
1463 2139 1560 2180 Tych.
1578 2138 1713 2170 Momm·—

290 2197 353 2217 sen.
378 2187 496 2225 βασίλα
520 2187 719 2218 scribendum
742 2199 807 2218 esse
829 2190 945 2218 censet.

914 2230 954 2260 Pa
981 2255 987 2260 .
1013 2230 1085 2260 366.

378 2272 430 2303 Vs.
456 2274 522 2313 42]
562 2272 684 2308 Ὠκείας
705 2273 867 2310 γνάθους,
894 2240 1037 2303 001οἓ1101
1060 2272 1188 2302 movent
1211 2269 1370 2305 maxillas,
1400 2279 1462 2309 qua
1485 2279 1517 2299 re
1540 2268 1713 2299 bestiarum
