2007 2635
974 184 996 218 7

272 274 444 314 Ἡρακλῆς,
476 274 722 315 ἐπεξενώθησαν
745 274 843 315 αὐτῷ·
874 275 924 305 διὸ
953 275 1071 306 ἐποίσει
1099 276 1156 312 ξῦν
1179 273 1205 316 ᾦ
1226 287 1299 306 ποτε
1328 278 1455 315 Τρωΐαν
1484 277 1550 308 ml:
1586 290 1612 309 v.
1637 290 1694 309 an·

276 322 342 349 not.
367 319 404 349 ad
430 317 520 349 Nem.
546 318 603 355 III,
629 320 657 349 3.
682 335 724 342 —·
768 319 850 355 ξύν.
882 319 953 355 „bis
978 319 1011 349 iu
1035 319 1091 350 hac
1114 318 1173 349 oda
1196 320 1280 359 quod
1305 320 1455 351 traditum
1481 323 1528 352 est
1550 322 1610 358 ξύν
1632 323 1694 353 tol-

277 362 340 393 lere
365 361 467 397 nolui,
493 372 563 392 cum
586 372 736 392 sonorum
760 362 899 393 rationes
920 363 1016 392 toties
1037 373 1095 393 nos
1117 362 1259 402 fugiant:
1284 362 1320 393 cf.
1347 363 1384 393 31
1412 366 1443 394 et
1466 363 1557 395 Nem.
1576 365 1619 402 X,
1640 367 1690 396 40.

275 405 417 441 ΧΙ,12.”
452 404 616 435 Momms.
642 405 680 435 ad
701 405 732 435 h.
750 404 769 434 l.
790 423 825 426 —
852 406 965 440 Ποτέ,
990 416 1082 446 saepe
1100 406 1229 436 obvium
1245 406 1329 446 apud
1346 406 1519 438 Pindarum
1543 408 1575 439 in
1599 408 1691 440 initio

276 448 514 479 narrationum.
540 447 635 488 Pyth.
660 447 697 484 X,
723 448 772 477 31.
798 447 869 484 XII,
895 450 923 479 o'.
950 447 1041 479 Nem.
1067 448 1091 485 I,
1117 449 1166 479 35.
1192 448 1302 479 Isthm.
1328 449 1351 485 I,
1380 450 1427 480 13.

362 491 449 532 449]
473 491 550 521 Add.
575 490 666 521 Pind.
690 490 808 531 Hymn.
833 490 870 521 fr.
898 492 956 521 12a
979 491 1056 532 ibiq.
1080 494 1204 522 aunott.

361 576 385 613 Ι,
404 576 469 618 67]
516 575 654 607 Pindaro
674 577 770 607 videri
786 576 984 617 Alcyoneum
1003 579 1035 608 in
1059 577 1220 608 amoribus
1243 577 1337 608 fuisse
1361 579 1445 618 quod
1469 580 1534 609 tam
1560 580 1691 621 insignis

275 620 317 651 sit
339 620 407 651 eius
430 620 462 650 in
486 620 681 650 carminibus
704 621 865 656 memoria,
889 620 1037 652 observat
1051 620 1312 652 Schneidewinus
1336 620 1451 652 Philol.
1472 621 1507 652 T.
1524 622 1548 658 I,
1574 634 1603 664 p.
1617 624 1690 655 434.

360 663 482 693 heroes.
502 662 554 703 —]
600 662 739 693 Attende
755 664 996 695 collocationem
1021 664 1203 695 verborum:
1227 666 1404 695 communis
1428 665 1513 696 euim
1537 668 1690 697 sermonis

275 706 389 737 Graeci
412 705 606 736 consuetudo
630 704 668 735 οὐ
690 708 764 746 πρὶν
786 708 967 745 τετραορίας
987 719 1020 744 γε
1044 707 1195 747 postulat.

360 749 444 790 228]
491 747 628 789 Zeugma
652 749 681 779 h.
706 749 725 779 l.
751 750 874 780 nullum
897 752 960 781 est:
986 762 1013 780 v.
1038 750 1176 781 Lobeck.
1201 751 1240 780 ad
1265 750 1362 791 Soph.
1388 750 1476 782 Aiac.
1502 752 1594 783 1035.
1619 771 1659 775 —

361 792 446 833 307]
492 790 608 822 Scholl.
632 793 670 823 ad
695 792 726 823 h.
751 793 782 829 1.,
808 794 866 823 51:
900 792 989 823 ἐπεὶ
1013 815 1020 822 .
1044 816 1051 823 .
1075 816 1083 822 .
1106 793 1206 823 ἔοικε
1236 796 1311 833 φησὶ
1342 795 1432 833 παρὰ
1460 795 1492 824 τὸ
1517 793 1691 836 Ὁμηρικόν

276 833 324 878 [Il.
351 836 391 871 Σ,
417 835 489 871 309,
523 835 560 865 de
585 846 646 875 quo
671 846 698 865 v.
724 837 963 867 annotationem
987 838 1128 867 nostram
1153 837 1190 867 ad
1214 836 1326 877 Apost.
1352 837 1428 873 XII,
1454 838 1525 879 28]·
1571 839 1690 874 ξυνὸς

270 877 498 913 Ἐνυάλιος·
533 877 639 907 ἔπαθε
661 879 722 918 γιίρ
754 890 779 908 τι
811 881 864 908 καὶ
893 878 909 908 ὁ
928 878 1086 920 ιΗρακλῆς
1116 878 1292 918 ἀποβαλών
1315 882 1385 915 τοὺς
1417 879 1567 921 ἑταίρους.
1599 883 1688 921 παρὰ

272 923 361 951 τοῦτο
382 919 396 952 ὁ
420 920 562 959 τραγικὸς
587 920 695 962 [Soph.
720 922 758 952 fr.
784 922 845 952 210
870 921 1027 964 Nanck.]·
1058 923 1122 952 τὸν
1146 921 1292 961 δρῶντά
1315 934 1386 952 που
1409 935 1439 953 τι
1462 926 1522 953 καὶ
1546 926 1690 954 παθεῖν

273 963 487 1003 ὀφείλετακ
512 964 580 995 add.
595 964 716 995 Archil.
734 965 773 995 fr.
792 966 832 995 65
851 965 976 1005 Bergk,
1001 965 1097 1006 Soph.
1115 966 1214 996 Elect.
1235 967 1325 996 1026.
1372 966 1446 997 Oed.
1460 967 1602 1008 Tyrann.
1616 969 1688 999 642.

273 1006 348 1038 Oed.
374 1007 481 1038 Colon.
507 1008 578 1038 228.
604 1007 640 1038 fr.
670 1009 708 1039 18
732 1007 873 1043 Nauck..
898 1009 1009 1049 Eurip.
1035 1009 1128 1040 Herc.
1150 1008 1224 1040 Fur.
1247 1010 1323 1041 756.
1348 1009 1494 1050 Append.
1514 1010 1626 1041 Provv.
1646 1011 1688 1049 ΙΙ,

274 1051 312 1081 12
329 1050 406 1091 ibiq.
420 1053 528 1081 annot.
542 1050 576 1080 T.
590 1051 614 1081 Ι.
631 1051 774 1082 Paroem.
791 1051 844 1083 Gr.
859 1052 905 1082 ed.
916 1052 1059 1093 Gotting.
1075 1071 1112 1075 -—
1142 1052 1248 1083 Etiam
1272 1052 1331 1083 hoc
1354 1053 1423 1084 loco
1440 1054 1607 1085 verborum
1624 1055 1689 1085 col-

271 1093 387 1124 locatio
412 1094 569 1125 notanda:
594 1105 621 1123 v.
647 1093 766 1125 Simon.
792 1095 921 1135 Amorg.
947 1095 985 1126 fr.
1012 1095 1088 1131 VII,
1113 1096 1153 1126 97
1177 1096 1215 1135 ἢν
1238 1107 1271 1125 τι
1294 1097 1361 1125 καὶ
1383 1095 1519 1126 δοκῶσιν
1542 1096 1687 1137 ω’φελεῒν,

272 1136 369 1177 Soph.
393 1137 430 1167 fr.
455 1137 517 1167 210
541 1137 633 1168 modo
657 1138 806 1174 allatum,
841 1138 949 1179 Enrip.
975 1139 1129 1169 Androm.
1155 1139 1194 1169 90
1226 1138 1264 1179 ἤν
1294 1150 1328 1168 τι
1358 1141 1425 1168 καῖ
1453 1140 1553 1170 πάθω
1577 1140 1687 1177 κακόν,

271 1180 434 1221 Aristoph.
458 1179 539 1211 Ran.
565 1181 625 1211 737
650 1181 688 1221 ἤν
710 1193 743 1211 τι
767 1183 828 1210 καὶ
851 1182 995 1222 πάσχητε.

315 1224 464 1264 postulat.
487 1224 544 1263 ——]
603 1225 744 1263 Τεθμὸς,
769 1236 828 1255 vox
853 1226 994 1265 antiqua.
1018 1225 1056 1255 (le
1082 1224 1226 1265 quolibet
1249 1225 1447 1256 decretorum
1471 1227 1503 1255 et
1525 1225 1632 1266 legum
1656 1228 1688 1257 et

271 1269 513 1308 praeceptorum
543 1278 657 1307 genere
687 1268 818 1299 dicitur:
850 1267 939 1299 Pind.
965 1268 1013 1299 Ol.
1038 1267 1093 1304 VI,
1117 1269 1167 1299 69.
1213 1268 1309 1308 Pyth.
1333 1267 1358 1305 l,
1384 1268 1434 1298 64.
1482 1267 1636 1309 Harpoer.
1661 1280 1684 1300 s.

271 1309 402 1348 θεσμός.
435 1310 540 1350 Etym.
559 1309 666 1351 Magn.
693 1322 722 1351 p.
739 1312 812 1349 448,
832 1312 887 1341 12:
912 1312 952 1342 cf.
971 1310 1154 1352 Spanheim.
1180 1312 1218 1342 ad
1242 1312 1364 1343 Gallim.
1389 1310 1419 1341 h.
1444 1311 1477 1341 in
1501 1311 1595 1342 Dian.
1615 1313 1686 1344 174.

271 1352 390 1383 Bauck.
415 1353 452 1384 de
476 1353 659 1384 Thesmoth.
678 1354 795 1385 Athen.
816 1355 939 1385 dissert.
962 1366 991 1396 p.
1006 1356 1042 1385 9:
1067 1354 1126 1385 hae
1149 1355 1383 1396 significatione
1397 1354 1554 1385 Pindarus
1578 1366 1685 1387 vocem

271 1396 308 1426 ad
332 1407 383 1427 eas
406 1397 483 1426 artis
507 1397 650 1437 poeticae
674 1397 759 1438 leges
782 1398 965 1434 transtulit,
990 1409 1068 1438 quas
1092 1398 1267 1429 communis
1292 1399 1458 1439 poetarum
1481 1399 1685 1439 antiquorum

270 1450 344 1470 usus
367 1440 627 1480 comprobaverat
651 1442 683 1470 et
714 1441 803 1481 quasi
827 1445 992 1472 sanxerat:
1027 1440 1152 1482 Olymp.
1177 1441 1256 1478 VH,
1281 1442 1330 1472 88.
1367 1441 1456 1478 XIII,
1481 1442 1530 1472 28.
1576 1442 1684 1473 Isthm.

270 1482 308 1518 V,
333 1484 382 1519 20,
407 1494 434 1513 ν.
459 1494 533 1513 ann.
558 1483 597 1513 ad
620 1482 712 1514 Nem.
738 1484 795 1516 III.
821 1485 870 1515 28.
917 1486 1017 1521 Quam
1042 1484 1071 1514 h.
1096 1484 1115 1514 l.
1141 1487 1235 1525 poeta
1258 1485 1359 1525 legem
1382 1485 1419 1515 de
1443 1485 1591 1516 carminis
1615 1485 1686 1516 bre-

268 1525 367 1556 vitate
392 1527 558 1567 proponit,
593 1537 662 1557 eam
693 1537 763 1558 cuni
793 1527 978 1566 gravissima
1001 1530 1083 1558 esset
1111 1529 1234 1568 saepius
1256 1529 1291 1559 in
1315 1528 1471 1569 poematis
1493 1539 1686 1560 commemo—

268 1569 366 1600 ravit:
393 1569 440 1599 Ol.
467 1569 554 1605 XIII,
572 1570 623 1600 94.
669 1569 760 1601 Nem.
785 1570 822 1607 X,
850 1572 898 1601 19.
943 1570 1055 1602 Isthm.
1081 1571 1105 1607 Ι,
1131 1572 1186 1602 62;
1210 1571 1279 1602 add.
1303 1571 1377 1602 infr.
1402 1582 1446 1602 vs.
1472 1571 1509 1602 71
1535 1583 1580 1612 sq.

355 1654 499 1697 restant]
545 1655 657 1686 Voluit
680 1656 712 1686 ni
736 1656 831 1687 fallor
855 1660 963 1698 poeta:
996 1668 1068 1688 cum
1096 1657 1248 1698 temporis
1272 1658 1411 1698 spatium
1434 1657 1530 1689 choro
1554 1658 1593 1688 ad
1618 1668 1685 1688 car-

267 1709 340 1729 men
364 1698 539 1729 canendum
563 1710 746 1730 concessum
770 1700 901 1731 festinet
923 1701 1049 1741 citoque
1075 1702 1263 1741 praetereat.

353 1742 558 1782 iuncturam]
615 1742 718 1773 Locus
748 1744 811 1773 iam
835 1744 995 1775 veteribus
1026 1744 1187 1774 obscurus.
1245 1743 1360 1775 Scholl.
1384 1743 1424 1774 ad
1454 1754 1497 1774 vs.
1523 1744 1581 1774 56:
1615 1744 1684 1781 ἴυγξ

266 1784 349 1820 εἶδος
372 1783 482 1823 ὀρνέου
505 1784 664 1824 ἐρωτικοῦ.
687 1786 795 1816 πόθεν
819 1785 854 1816 δὲ
876 1785 892 1826 ἦ
917 1788 1003 1825 ἴυγξ,·
1035 1787 1073 1828 ἢν
1095 1786 1125 1817 οὶ
1147 1788 1207 1826 μέν
1229 1795 1329 1827 φασιν
1347 1785 1470 1825 Ἠχοῦς,
1494 1784 1525 1816 οἱ
1548 1786 1583 1816 δὲ
1606 1789 1683 1818 Πει-

267 1829 348 1862 θοῦς
367 1829 557 1868 γεγενῆσθαι
575 1830 747 1868 θυγατέρα,
772 1829 834 1869 ἥτις
859 1832 1093 1869 φαρμάσσουσα
1112 1831 1165 1860 τὸν
1183 1831 1244 1860 Δία
1263 1830 1308 1865 εἷς
1329 1830 1382 1860 τὸν
1404 1831 1455 1870 τῆς
1474 1829 1551 1866 Ἰοῦς
1574 1829 1684 1860 πόθον

267 1871 345 1900 κατὰ
369 1871 464 1909 χόλον
473 1870 570 1910 Ἡρας
592 1872 635 1907 εἷς
658 1873 769 1912 ὄρνεον
790 1872 977 1913 μετεβλήθη,
1002 1871 1028 1912 ᾦ
1042 1876 1204 1914 κέχρηνται
1221 1872 1255 1903 αὶ
1277 1873 1313 1903 τοὶ
1332 1873 1463 1912 ἐρωτικὰ
1477 1872 1683 1908 σκευάζουσαι

266 1919 426 1950 γυναῖκες·
450 1914 484 1944 ἐκ
506 1915 614 1944 τούτου
637 1914 671 1944 δὲ
695 1916 727 1945 τὸ
751 1916 863 1954 ὄρνεον
887 1918 954 1953 ἴυγξ
977 1917 1132 1946 καλεῖται·
1155 1918 1234 1954 ἴυγγι
1259 1915 1316 1946 οὖν
1337 1919 1372 1959 τῇ
1395 1916 1554 1956 ἐπιθυμίᾳ
1578 1918 1683 1956 φησίν.

266 1956 433 1996 §.malma
453 1956 494 1992 ὥς
512 1957 576 1987 α’πὸ
591 1958 775 1997 ([αρμάκου,
801 1961 886 1998 (tvai,
910 1963 961 1989 καὶ
978 1961 1082 1997 ἴυγγος
1096 1959 1227 1998 ἕλκομαι
1250 1963 1304 2000 τὴν
1327 1960 1434 2000 ψυχὴν
1456 1962 1491 2002 τῇ
1513 1961 1682 1998 ἐπιθυμίᾳ,

267 1997 480 2042 ᾗὺπεσχόμην
503 2000 727 2037 ἐπιδείξασθαι
752 2004 804 2031 τὸν
826 2003 983 2033 ἐπινίκιον
1005 2003 1201 2038 συντελέσας·
1226 2002 1275 2033 διὸ
1299 2004 1334 2032 τὰ
1360 2005 1430 2041 περὶ
1452 2005 1505 2032 τὸν
1525 2002 1682 2041 “Ηρακλεά

267 2042 368 2079 λέγειν
391 2043 569 2082 κωλύομαι,
595 2045 740 2074 σπη’δων
763 2045 920 2075 τελειῶσαι
948 2048 999 2075 τὸν
1023 2047 1122 2085 ι’·μνον
1144 2046 1188 2081 εἷς
1210 2047 1248 2076 ὃν
1271 2045 1459 2086 ὡμολόγησα
1483 2046 1606 2085 χρόνον.
1631 2068 1639 2075 .
1653 2068 1660 2075 .
1674 2068 1681 2075 .

267 2087 316 2116 60.
331 2086 547 2127 ἐπιβουλίᾳ]
571 2088 672 2117 ἰστέον
684 2088 729 2117 ὅτι
741 2088 757 2118 ὁ
771 2088 862 2125 λόγος
875 2090 957 2128 πρός
970 2089 1083 2119 ἑαυτὸν
1095 2088 1276 2130 φιλονεικεῖ.
1301 2092 1380 2127 πρὸς
1390 2089 1504 2119 ἑαυτὸν
1515 2091 1576 2127 γὰρ
1592 2090 1681 2119 τοῦτο

266 2128 346 2167 λέγει
370 2128 386 2158 ὁ
413 2129 588 2170 Πίνδαρος’
615 2130 761 2161 α’ντίτεινε
785 2137 847 2167 τοῖς
870 2132 1136 2170 ἐπιβουλεύουσιν,
1162 2132 1228 2163 οἷον
1248 2134 1290 2173 μὴ
1315 2133 1375 2162 εἶκε
1398 2138 1460 2168 τοῖς
1483 2132 1681 2170 α’ντιτέχνοις,

264 2173 306 2212 μή
330 2171 420 2202 δίδου
445 2172 544 2211 λαβάς
567 2173 611 2203 ὅτι
643 2177 880 2215 παρεκβέβηκας
913 2177 999 2218 ξ.1ῇ
1023 2176 1190 2215 ἐπιβουλίᾳ
1215 2175 1321 2206 αὐτῶν
1348 2175 1512 2211 α’ντίτιινε,
1536 2175 1681 2205 {flavum-5

265 2218 306 2256 τῷ
337 2217 471 2256 φθόνῳ,
506 2217 525 2245 ὅ
546 2216 627 2246 ἐστιν
658 2216 782 2254 ἄποδος
813 2219 866 2248 τὸν
892 2218 1046 2249 ἐπινίκιον
1077 2219 1113 2261 τῇ
1136 2219 1290 2261 ὡρισμένῃ
1317 2218 1432 2259 ἡμέρᾳ·
1470 2217 1597 2259 σφόδρα
1620 2220 1681 2258 γὰρ
