2007 2635
1005 206 1026 239 9

936 298 1009 328 Patr.
1035 298 1107 328 388.

398 340 510 372 Isthm.
541 340 601 376 IV.
632 341 698 381 54.]
754 339 828 372 Non
858 343 942 372 recte
972 322 1142 372 ssissenns:
1183 339 1292 378 χάρμα
1325 338 1512 378 ἐπιχώριον,
1549 349 1598 368 res
1622 338 1728 377 gaudii

315 384 409 425 plena
431 385 464 415 et
486 384 519 414 in
544 383 670 424 Aegina
693 383 796 414 insula
818 385 903 421 nata,
928 383 1045 415 dicitur
1067 382 1277 414 Aristoclidae
1302 382 1454 413 victoria:
1489 381 1533 412 sic
1554 380 1663 419 χάρμα
1694 381 1731 411 ‹le

314 427 445 458 victoria
479 427 575 457 etiam
606 426 700 467 Pyth.
724 426 816 466 VIII,
845 428 885 458 64
923 429 955 458 et
987 426 1098 458 Isthm.
1128 425 1187 462 IV,
1216 426 1274 456 54:
1322 425 1416 455 simili
1451 425 1575 455 ratione
1607 423 1732 454 Simon.

314 470 447 510 Amorg.
473 469 511 500 fr.
536 469 597 500 VII
620 470 660 500 38
683 469 792 509 χάρμα
815 472 967 512 ναύτῃσιν
989 471 1080 509 μέγα.

399 513 515 543 transit
538 513 577 543 ad
600 512 707 553 hunc]
738 513 809 551 βοὰ
833 515 1000 554 πρέπει,
1034 512 1207 544 excellit
1230 513 1267 543 et
1297 511 1513 552 splendet;
1537 510 1671 550 πρέπειν
1694 510 1732 540 de

315 556 408 587 rebus
431 556 488 587 sub
513 567 622 586 sensus
645 556 848 593 cadentibus,
882 556 934 587 hic
965 556 1002 587 de
1034 558 1129 586 cantu
1156 555 1211 596 qui
1242 555 1370 585 auribus
1394 553 1570 595 percipitur
1600 553 1731 590 dictum,

317 599 441 630 notavit
464 598 602 629 Lobeck.
628 598 775 629 Rhemat.
809 610 839 640 p.
865 600 945 635 340;
982 599 1161 640 comparari
1190 599 1297 639 potest
1319 598 1455 627 ἄκουσεν
1478 595 1569 627 Nem.
1594 595 1641 628 ΙΙ.
1680 597 1728 633 14,

318 643 372 673 ubi
398 653 424 672 v.
449 643 557 672 annot.

400 684 521 725 πύλης]
545 684 612 715 add.
638 684 730 715 Nem.
754 684 784 721 I,
810 686 848 716 18
871 696 897 715 c.
921 687 1030 716 annot.
1057 703 1095 706 —
1140 684 1358 715 Inversionem
1389 694 1469 724 quae
1504 683 1537 712 in
1560 693 1608 712 vv.
1634 683 1733 711 νᾶσον

318 727 401 770 λόγῳ
425 729 520 764 inest,
552 728 703 769 exemplis
726 728 866 758 illustrat
889 727 1157 811 Typallgonggigen.
1183 726 1303 758 Annot.
1330 727 1399 758 crit.
1424 726 1578 767 supplem.
1604 736 1633 765 p.
1662 724 1731 755 118.

402 814 537 854 habita]
573 813 653 844 Add.
669 813 709 843 H.
722 813 765 844 M.
781 813 891 845 Meieri
910 814 947 845 de
968 814 1099 845 theoriis
1110 814 1218 844 Graec.
1242 813 1357 854 disput.
1371 811 1442 842 Hal.
1458 811 1551 848 1837,
1570 810 1633 852 p.1.
1644 810 1729 841 XIV.

932 857 977 888 Pa
1002 881 1008 887 .
1034 858 1107 888 390.

399 910 512 939 magna
546 899 662 939 laude]
716 899 793 930 Cum
819 899 958 941 Bergkio
978 868 1052 940 8τρί
1062 911 1127 935 τος
1159 899 1358 930 scribendum
1389 900 1421 929 et
1452 901 1524 939 post
1556 908 1583 927 v.
1609 895 1732 926 παλαι-

317 944 431 984 τέροισι
456 948 574 983 puncto
598 943 720 973 minore
744 943 1004 984 distinguendum
1028 945 1093 980 est,
1118 945 1152 973 ut
1176 954 1224 973 vv.
1248 943 1283 972 ἐν
1305 944 1396 972 παισὶ
1421 964 1427 970 .
1452 963 1460 971 .
1482 963 1490 970 .
1513 939 1731 978 παλαιτέροισι

315 997 490 1027 pronomen
513 997 555 1022 τις
579 985 763 1027 explicetur.
811 987 901 1022 Quod
933 987 1076 1027 seqnitur
1100 986 1277 1016 membrum
1306 996 1377 1015 cum
1400 984 1509 1015 eodem
1532 983 1674 1023 Bergkio
1698 983 1731 1013 in

315 1029 397 1060 hanc
421 1028 555 1059 formam
579 1029 803 1070 redigendum:
838 1031 933 1070 μέρος
956 1031 1083 1065 ἕκαστος
1106 1028 1173 1059 οἷον
1195 1029 1306 1067 ἔχομεν
1329 1028 1468 1067 Βρότεον
1491 1027 1602 1061 ἔθνοςε
1637 1026 1731 1056 intel-

314 1072 395 1113 lige:
420 1073 515 1112 μέρος
538 1072 570 1112 (1.
587 1083 612 1102 e.
637 1071 746 1113 λάχος)
770 1073 896 1109 ἕκαστος
921 1074 975 1113 (sc.
992 1073 1065 1113 ἔχει)
1089 1071 1155 1103 οἷον
1178 1071 1274 1113 ἡμεῖς,
1298 1071 1427 1111 βρότεον
1449 1070 1546 1105 ἔθνος
1569 1069 1621 1110 (cf.
1636 1068 1729 1099 Nem.

314 1114 385 1151 VII,
411 1116 451 1145 54
475 1117 602 1150 ἕκαστος
625 1114 833 1157 διαφέρομεν)
856 1115 977 1156 ἔχομεν.

401 1159 692 1198 antecedentibus]
755 1158 803 1189 Ex
844 1160 932 1190 codd.
985 1171 1056 1191 cnm
1100 1158 1237 1198 Bergkio
1279 1159 1311 1188 et
1356 1157 1413 1198 Ty.
1457 1155 1667 1187 Mommsenio
1713 1153 1729 1185 ὁ

313 1201 471 1236 θνατὸς
503 1201 607 1231 αἰών
638 1202 849 1233 reducendum
882 1205 937 1234 est.
984 1204 1130 1234 Ceterum
1162 1201 1283 1232 dehoc
1314 1201 1382 1231 loco
1407 1201 1526 1241 optime
1550 1199 1616 1239 egit
1640 1198 1731 1229 scho-

316 1243 407 1274 liasta
424 1244 510 1275 hisce
534 1245 654 1276 verbis:
675 1243 889 1285 ’Λρίσταρχος-
913 1250 992 1285 τρεῖς
1013 1248 1072 1285 μὲν
1094 1245 1151 1280 τάς
1173 1244 1251 1274 καθ’
1275 1243 1400 1284 ἡλικίαν
1422 1243 1536 1283 ἀρετὰς
1558 1242 1659 1282 (codd.
1680 1241 1731 1281 ιῖς)

316 1288 605 1328 προεξηρίθμηται,
641 1288 673 1317 τὸ
697 1287 732 1318 ἐν
755 1291 864 1319 παισὶν
887 1289 968 1319 εἶναι
1002 1288 1105 1319 παῖδα
1127 1289 1179 1318 καὶ
1202 1288 1234 1318 τὸ
1261 1287 1296 1317 ἐν
1318 1286 1474 1327 ἀνδράσιν
1497 1285 1601 1325 ἄνδρα
1623 1286 1675 1314 καὶ
1698 1285 1731 1314 τὰ

316 1330 352 1359 ἐν
375 1330 597 1370 παλαιοτέροις
619 1333 839 1372 παλαιότερον.
862 1335 916 1362 καὶ
929 1331 1072 1373 τετάρτην
1088 1332 1123 1362 δέ
1146 1338 1242 1371 φησιν
1258 1330 1337 1360 ἐλᾶν
1362 1331 1394 1371 (i.
1410 1342 1435 1361 e.
1460 1330 1551 1366 ciere,
1575 1329 1730 1359 excitare.-

316 1385 343 1403 v.
360 1373 524 1415 Hyporch.
541 1374 578 1405 fr.
596 1374 650 1410 IV,
679 1376 696 1405 5
721 1374 798 1416 ibiq.
823 1377 947 1415 annot.)
971 1374 1083 1416 ἀρετὴν
1105 1375 1159 1405 τὸν
1182 1377 1243 1404 τῶν
1265 1373 1453 1414 άθνρώπων
1476 1374 1547 1412 βίον
1571 1372 1617 1411 [111
1640 1372 1730 1401 textu

316 1417 415 1457 igitur
440 1419 560 1453 θνατὸς
592 1418 730 1458 habuit}
765 1419 888 1459 τετάρτη
917 1417 974 1449 οὖν
1007 1419 1089 1449 ἐστιν
1118 1417 1212 1458 ἀρετή
1245 1416 1322 1458 αὕτη
1351 1418 1429 1455 πρὸς
1461 1414 1510 1451 αἷς
1541 1415 1662 1455 εἴρηκεν
1690 1414 1732 1449 ὥς

317 1459 367 1489 δεῖ
397 1462 466 1500 περὶ
489 1461 544 1490 τοῦ
574 1461 732 1501 παρόντος
761 1462 935 1502 φροντίζειν
957 1464 1009 1491 καὶ
1037 1464 1078 1502 μὴ
1102 1464 1171 1501 περὶ
1195 1463 1256 1491 τῶν
1284 1460 1443 1499 ἐσομένων
1466 1459 1612 1496 πάντων7
1647 1455 1731 1486 α’λλοὶ

314 1503 396 1543 πρός
424 1507 457 1533 τὸ
481 1503 587 1543 παρὸν
610 1503 775 1535 δύνασθαι
799 1504 1007 1545 ἁρμόζεσθαι.
1031 1506 1058 1546 §.
1082 1505 1099 1535 ὑ
1123 1505 1240 1544 θνητὸς
1263 1503 1344 1533 αἰών
1366 1506 1419 1533 καὶ
1446 1502 1606 1541 τετάρτην,
1644 1501 1730 1541 φησί,

314 1545 430 1587 ταύτην
453 1548 552 1587 φέρει,
584 1547 617 1577 τὸ
641 1550 697 1577 καὶ
719 1550 790 1589 περὶ
812 1552 866 1579 τοῦ
888 1548 1051 1584 ἐνεστῶτος
1067 1547 1252 1588 φροντίζειν.
1279 1566 1315 1569 ss-
1364 1545 1489 1581 Φίλος,
1514 1544 1731 1576 nominativus

313 1600 385 1672 gro4
404 1591 563 1621 vocativo:
603 1601 629 1621 v.
655 1590 761 1622 Schol.
793 1592 831 1623 ad
857 1592 948 1623 Pind.
974 1591 1022 1623 01.
1046 1591 1107 1629 VI,
1141 1592 1200 1622 179
1233 1592 1265 1621 et
1287 1589 1439 1631 Krueger.
1464 1588 1517 1620 Gr.
1543 1587 1596 1618 Gr.
1631 1586 1665 1617 Τ.
1690 1586 1730 1623 Π,

335 1657 340 1662 .
388 1633 416 1670 5,
442 1634 470 1669 2,
495 1634 523 1663 2.

930 1678 1004 1719 Pag.
1030 1679 1101 1708 391.

399 1720 590 1761 nervosior]
657 1719 740 1750 Τόδε
774 1730 845 1750 cum
880 1733 907 1752 v.
941 1721 1032 1761 πόμα
1065 1719 1214 1759 coniungi
1248 1719 1342 1749 debet
1374 1720 1406 1749 et
1440 1719 1512 1759 post
1553 1729 1579 1747 v.
1615 1718 1729 1755 πέμπω

315 1762 469 1803 distingui
493 1766 658 1800 commate,
685 1773 747 1804 qua
773 1763 894 1795 ratione
918 1765 964 1801 fit,
988 1767 1023 1795 ut
1046 1765 1107 1795 duo
1133 1762 1342 1804 appositionis
1365 1761 1516 1797 membra»
1539 1761 1731 1799 μέμιῖμένθν

315 1827 323 1834 .
347 1827 354 1834 .
378 1827 385 1835 .
406 1806 564 1845 ἀμφέπει,
589 1805 787 1837 substantivo
811 1808 899 1838 cuius
923 1809 1027 1849 gratia
1049 1808 1171 1847 adjecta
1194 1807 1282 1842 sunt,
1306 1816 1437 1836 nervose
1461 1803 1668 1845 praecedant,
1693 1803 1730 1833 de

316 1859 378 1888 qua
401 1860 433 1879 re
469 1849 507 1879 cf.
539 1852 646 1881 annot.
679 1850 718 1881 ad
741 1848 831 1881 Pind.
855 1848 965 1881 Isthm.
988 1851 1049 1886 ΠΙ,
1076 1851 1091 1881 7
1128 1852 1159 1881 et
1187 1848 1343 1879 Matthiae
1365 1848 1420 1879 Gr.
1446 1847 1500 1878 Gr.
1537 1858 1566 1887 p.
1591 1847 1663 1877 971.
1692 1865 1729 1867 μ

314 1892 441 1930 πόμα,
466 1903 593 1924 Carmen
613 1903 807 1934 quamquam
831 1906 848 1925 e
870 1894 963 1925 rebus
986 1894 1154 1925 lenissimis
1173 1904 1208 1922 ac
1231 1892 1419 1923 dulcissimis
1438 1892 1583 1926 mixtum,
1609 1900 1731 1920 summa

315 1935 421 1965 tamen
448 1935 477 1965 vi
501 1937 681 1976 praeditum
704 1939 771 1974 est;
807 1948 920 1978 spuma
943 1938 1027 1968 enim
1050 1948 1087 1968 ex
1113 1935 1225 1977 poculo
1248 1946 1378 1975 surgens
1402 1945 1472 1965 oras
1496 1933 1618 1964 excedit
1638 1933 1731 1963 vehe-

316 1980 441 2008 menter
465 1980 497 2009 et
520 1979 601 2010 circa
624 1980 772 2021 poculum
795 1981 885 2020 quasi
916 1982 1072 2012 versatur:
1104 1979 1197 2010 Hom.
1221 1979 1257 2010 Il.
1280 1980 1320 2015 Σ,
1345 1979 1406 2009 348
1429 1977 1564 2017 γάστρην
1586 1977 1645 2015 μὲν
1666 1977 1731 2015 τρῖ-

314 2019 413 2056 πθδθς
446 2022 509 2060 πῦρ
543 2022 681 2063 ἄμφεπε.
736 2023 837 2059 Quam
866 2035 1010 2065 spumam
1044 2024 1070 2054 si
1104 2023 1174 2064 quis
1204 2023 1332 2063 ignorat
1365 2023 1439 2052 ante
1463 2020 1571 2051 oculos
1595 2019 1731 2060 positam

314 2063 454 2111 inveniet
485 2065 517 2094 in
548 2066 710 2107 amphoris
733 2067 848 2107 Apulis
872 2078 889 2097 a
913 2066 1075 2098 Gerhardo
1099 2067 1131 2097 in
1160 2066 1233 2096 libri
1258 2065 1485 2096 Trinksckalen
1508 2064 1573 2094 und
1600 2063 1731 2100 Gef'dsse

314 2107 458 2148 inscripti
492 2109 578 2140 tabb.
604 2109 859 2141 XXIII—XXVI
882 2110 983 2141 editis.
1012 2129 1049 2131 —
1095 2109 1159 2139 Mel
1183 2109 1294 2140 Graeci
1317 2109 1446 2139 iniicere
1470 2107 1615 2137 solebant
1638 2105 1730 2135 lacti:

314 2150 437 2180 Aelian.
463 2150 536 2181 Nat.
562 2152 669 2183 Anim.
693 2152 763 2188 XV,
789 2154 805 2183 7
830 2152 1001 2192 ἀμέλγουσι
1023 2152 1083 2192 γὰρ
1107 2152 1203 2193 (Indi)
1227 2151 1462 2191 περιγλιίκιστον
1484 2149 1580 2188 γάλα,
1612 2150 1666 2178 καὶ
1689 2147 1728 2178 οὖ

315 2192 439 2223 δέονται
464 2192 622 2234 ἄναμίξαι
645 2195 730 2237 αὐτῷ
754 2195 836 2235 μέλι,
860 2196 936 2236 ὅπερ
960 2194 1018 2226 οὖν
1042 2196 1158 2236 δρῶσιν
1175 2194 1327 2236 Ἕλληνες.

1443 2293 1461 2322 2
