2007 2635
927 247 947 280 6

228 338 312 368 cules
335 348 521 378 progressus
545 341 608 369 est:
632 351 660 370 v.
686 339 792 380 Apoll.
817 338 921 370 Rhod.
947 338 1068 380 Argon.
1092 338 1152 374 IV,
1180 339 1261 369 1400
1285 350 1425 380 quasque
1448 340 1643 378 τεναγώδεας

227 381 308 412 dixit
341 381 423 411 idem
453 381 644 423 Apollonius
670 382 730 419 IV,
758 382 879 412 1261st
934 381 1001 413 Nec
1034 393 1070 413 eo
1104 382 1237 413 consilio
1268 382 1420 413 Hercules
1456 383 1533 414 haec
1565 385 1643 415 vada

227 424 455 465 pervestigavit
478 427 514 456 ut
535 425 677 456 Atlantis
700 425 801 455 instar
825 426 932 456 omnia
961 426 1056 456 maris
1082 424 1245 466 profunda
1267 426 1417 456 disceret.
1453 426 1506 456 sed
1531 429 1565 457 ut
1588 427 1641 458 be-

226 467 295 498 luas
318 467 351 498 111
373 468 460 498 vadis
482 469 619 499 latentes
640 468 808 500 occideret:
834 468 917 499 Plut.
943 468 1037 499 Thes.
1060 479 1085 498 c.
1112 469 1146 498 1:
1170 467 1207 497 τὰ
1233 467 1265 498 δ’
1287 468 1432 499 ἐπέκεινα
1456 470 1546 505 θῖνες
1567 470 1644 500 ἄνυ-

226 510 297 551 δροι
320 512 374 540 καὶ
396 511 635 552 θηριώδεις.

846 555 923 596 Pag.
948 555 1019 585 381.

314 597 346 627 111
370 597 532 637 patriam]
578 598 665 628 Inest
696 598 730 628 in
758 609 786 628 v.
811 599 975 638 πόμπιμος
1004 598 1099 628 etiam
1131 597 1250 628 tutelae
1275 600 1307 628 et
1327 598 1508 629 securitatis
1532 599 1639 630 notio:

227 640 266 671 cf.
291 640 401 681 Eurip.
427 640 508 671 Med.
534 641 594 671 848
619 640 783 680 πόμπιμός
807 650 839 671 σε
859 641 948 682 χώρα
971 641 1041 677 ἔξει.

312 686 428 714 metam
452 684 624 724 veniebat]
669 684 789 715 Eodem
812 696 905 716 sensu
928 695 990 724 qua
1013 683 1131 724 legitur
1152 683 1235 724 apud
1261 683 1425 714 Tibullum
1450 684 1506 720 IV,
1533 685 1559 720 1,
1585 686 1640 716 53:

224 726 282 757 illa
302 737 362 766 per
384 727 508 765 iynotas
532 728 640 758 andane
659 729 814 759 erraverit
836 728 939 766 urbes,
969 728 1046 767 Qua
1067 727 1167 757 maris
1184 728 1332 758 extremis
1354 728 1446 758 tellus
1470 728 1643 759 includitur

225 770 330 807 undis,
355 770 410 799 ubi
432 781 460 800 V.
484 769 663 801 Dissenmn.

314 813 514 853 pertineret]
564 814 622 844 Est
652 813 819 853 φράδασσε
849 813 868 843 1.
895 825 924 854 q.
958 815 1087 844 notam
1116 812 1210 844 fecit
1238 815 1398 849 terram,
1431 814 1640 851 manifestam,

226 866 267 886 sc.
292 866 409 886 nomen
433 857 461 886 ei
494 867 585 887 suum
614 857 767 887 indendo:
804 858 897 897 poeta
921 857 1006 887 enim
1030 857 1160 897 respicit
1193 857 1232 887 ad
1250 855 1418 897 “Ηρα’κλεος
1442 858 1550 893 κίονας
1573 869 1640 899 sup.

225 910 253 930 v.
278 899 316 929 21
342 901 541 930 memoratos.
586 900 697 940 Itaque
713 900 869 931 Pindarus
886 899 1056 931 Herculem
1078 900 1156 930 dicit
1180 900 1317 941 primum
1339 911 1425 930 mare
1449 900 1642 941 profundum

226 944 457 983 perscrutatum
473 954 550 980 esse,
573 945 642 973 tum
657 954 693 974 ea
709 944 797 980 vada,
819 943 902 974 unde
918 943 1054 974 reditum
1071 944 1132 974 sibi
1149 946 1300 985 parasset,
1325 944 1460 983 denique
1476 946 1578 974 ten-ae
1594 955 1642 975 re-

225 985 416 1016 motissimae
432 996 548 1016 nomen
563 987 692 1017 dedisse.
728 986 874 1018 Ceterum
889 998 946 1027 per
958 986 1099 1017 fabulam
1112 998 1159 1017 vv.
1176 988 1301 1018 19—26
1318 987 1473 1017 inclusam
1490 987 1640 1018 victorem

226 1031 321 1070 poeta
344 1028 499 1065 hortatur,
524 1031 561 1059 ut
582 1041 622 1060 ne
647 1030 747 1071 pluris
769 1041 864 1070 quam
888 1041 944 1071 par
975 1030 1016 1060 sit
1039 1030 1206 1061 victoriam
1230 1030 1326 1061 faciat
1348 1041 1426 1060 neve
1451 1030 1624 1071 superbiat.

311 1074 438 1102 revocat
466 1073 523 1112 se.]
572 1075 851 1113 Παραμεὶβεαι,
888 1073 1117 1114 praetereundo
1150 1076 1268 1104 rectam
1301 1073 1384 1103 viam
1418 1073 1456 1104 ad
1491 1084 1641 1114 promon-

224 1115 341 1145 torium
363 1116 567 1156 peregrinum
589 1117 700 1147 defers.

845 1160 922 1200 Pag.
947 1160 1019 1190 382.

309 1203 442 1231 Μοῖσαν
472 1203 606 1243 φέρειν]
659 1202 803 1233 Musam
833 1204 999 1244 portare,
1032 1203 1051 1233 i.
1077 1214 1103 1233 e.
1133 1202 1305 1234 transferre
1334 1203 1367 1232 in
1394 1202 1492 1232 alium
1516 1203 1638 1233 locum:

225 1245 318 1286 plane
341 1245 403 1275 alio
427 1256 520 1275 sensu
544 1244 592 1276 Ol.
618 1245 673 1282 ΙΧ,
698 1247 736 1277 41
761 1245 908 1284 γλῶσσαν
932 1248 1041 1287 φέρειν
1063 1246 1183 1276 dictum
1206 1250 1262 1276 est.

310 1288 475 1328 positum]
530 1288 575 1319 At
607 1289 760 1321 eiusmodi
795 1290 951 1321 sententia
983 1291 1114 1330 propter
1144 1289 1314 1320 Herculem
1348 1289 1441 1320 modo
1475 1289 1637 1320 laudatum

224 1342 289 1362 non
313 1331 436 1362 videtur
458 1332 531 1362 huic
554 1333 622 1363 loco
646 1334 730 1373 apta.
786 1332 888 1369 Quare
920 1332 1011 1368 ἐσλὸς
1037 1333 1252 1363 nominativus
1282 1332 1359 1363 mihi
1389 1334 1436 1363 est
1463 1332 1638 1371 singularis,

223 1385 242 1405 a
270 1385 332 1414 quo
364 1375 541 1405 infinitivus
571 1375 672 1406 αἰνεῖν
698 1377 833 1417 pendet:
867 1377 1048 1407 adiuncta
1076 1378 1202 1406 autem
1230 1386 1309 1407 meo
1339 1376 1454 1406 verbo
1482 1375 1639 1407 iustitia

223 1418 383 1458 egregia
406 1418 449 1449 ad
472 1418 703 1450 laudandum
726 1422 791 1455 est,
815 1420 836 1450 i.
860 1431 885 1450 e.
910 1431 1031 1450 summo
1057 1420 1124 1450 iure
1148 1419 1289 1450 Aeacum
1311 1430 1396 1450 nunc
1419 1419 1521 1450 laudo.

311 1461 459 1501 possint]
492 1463 658 1501 γαρυέμεν,
682 1463 702 1493 i.
721 1474 745 1494 e.
771 1462 847 1493 ὥστε
869 1463 1004 1504 γηριῖειν,
1028 1464 1063 1493 ut
1085 1474 1153 1504 sup.
1182 1474 1209 1493 v.
1228 1463 1268 1493 29
1291 1461 1382 1498 ἐσλὸς
1405 1462 1517 1498 αἰνεῖν,
1541 1462 1637 1502 Pyth.

224 1503 302 1540 XII,
335 1504 374 1534 22
407 1504 497 1542 ἔχειν.
522 1524 560 1527 —
606 1506 725 1547 Legem
756 1517 903 1548 poeseos,
939 1506 1078 1545 τεθμόν,
1113 1508 1209 1547 poeta
1231 1506 1279 1536 his
1302 1506 1406 1536 verbis
1430 1506 1637 1546 pronuntiat:

223 1558 316 1588 saepe
338 1547 383 1577 ita
400 1547 571 1579 Pindarus:
598 1560 623 1579 v.
643 1549 753 1580 Isthm.
780 1549 819 1586 V,
846 1550 896 1579 20.
943 1548 990 1580 Ol.
1016 1549 1089 1586 VII,
1114 1550 1165 1580 88.
1191 1549 1278 1585 XIII,
1304 1549 1354 1579 29.
1402 1548 1494 1579 Nem.
1516 1548 1572 1584 IV,
1597 1550 1638 1580 33

222 1601 248 1664 ἃ.
270 1592 379 1664 aInnot.
404 1593 436 1621 et
457 1591 496 1622 cf.
512 1591 674 1623 Welckeri
690 1592 754 1624 Ser.
772 1592 887 1623 Minor.
912 1592 947 1623 T.
965 1593 1006 1627 H.
1032 1605 1061 1634 p.
1082 1593 1152 1629 191,
1176 1593 1272 1623 eiusd.
1288 1591 1429 1622 Monum.
1453 1593 1511 1622 art.
1537 1593 1636 1633 antiq.

252 1658 258 1663 .
301 1657 307 1669 ,
341 1644 360 1664 ).
386 1634 425 1664 47
450 1645 463 1665 s
489 1658 495 1664 .

307 1645 420 1708 nimus
466 1646 573 1718 ἓεεθΐ]
637 1678 734 1709 Recte
775 1678 977 1719 Bernhardy:
1030 1680 1190 1719 antiqua
1231 1679 1269 1708 in
1314 1678 1460 1708 virtute
1502 1677 1637 1709 Peleus

222 1720 444 1751 oblectatus
469 1723 538 1757 est,
568 1722 588 1752 i.
613 1733 639 1752 e.
664 1722 795 1762 antiquo
819 1724 961 1763 tempore
984 1723 1116 1762 antiqua
1139 1722 1256 1752 virtute
1279 1721 1392 1751 Peleus
1415 1721 1577 1758 excelluit,
1610 1723 1637 1752 is

224 1763 279 1803 qui
309 1763 431 1794 hastam
454 1764 595 1795 nobilem
627 1765 771 1796 abscidit.
822 1764 975 1796 Similiter
999 1764 1208 1803 ἄγλαΐζεσθαι
1232 1764 1266 1794 ἔν
1288 1775 1346 1794 τινι
1370 1763 1496 1805 Olymp.
1522 1764 1553 1799 I,
1588 1766 1635 1796 14.

222 1806 277 1837 ubi
308 1817 334 1837 v.
361 1806 646 1838 Schneidewinum.
693 1807 787 1839 Nunc
818 1809 906 1849 patet
938 1809 1058 1849 optime
1089 1820 1117 1840 v.
1140 1807 1311 1839 παλαιαῖσι
1338 1818 1357 1837 a
1381 1810 1476 1848 poeta
1499 1808 1637 1848 primum

223 1850 345 1890 periodi
367 1850 473 1881 locum
494 1861 677 1882 concessum
700 1863 775 1882 esse.

306 1893 359 1924 cit.
384 1905 415 1934 p.
441 1894 528 1934 141.]
573 1894 662 1925 Adde
686 1906 766 1935 quae
790 1905 849 1935 ego
872 1895 909 1926 de
933 1895 1019 1926 Pelei
1042 1895 1132 1926 hasta
1154 1895 1286 1925 disserui
1310 1894 1343 1924 in
1369 1893 1525 1924 Gerhardi
1547 1893 1634 1924 Diar.

222 1935 380 1967 archaeol.
403 1948 429 1967 a.
458 1938 550 1974 1862,
575 1949 622 1968 nr.
648 1939 708 1969 159
731 1938 767 1968 B.

836 1980 913 2022 Pag.
940 1982 1012 2012 383.

307 2022 391 2063 apud
424 2023 589 2064 tragicos]
647 2022 747 2054 Locos
776 2024 974 2065 collegerunt
1004 2024 1219 2055 Bornemann.
1249 2024 1289 2054 ad
1323 2021 1469 2062 Xenoph.
1505 2022 1633 2052 Conviv.

222 2065 258 2101 8,
283 2065 314 2101 4,
349 2065 506 2097 Luebker.
530 2066 669 2106 Disquis.
694 2066 832 2097 Gramm.
858 2067 947 2109 Spec.
972 2067 1002 2105 I,
1031 2079 1062 2109 p.
1087 2068 1137 2098 95.
1162 2085 1201 2088 —
1234 2065 1429 2096 κῖαωλκόν
1460 2064 1635 2095 Ahrensius

222 2107 336 2138 Philol.
362 2108 397 2139 T.
420 2109 482 2146 IV,
516 2120 546 2150 p.
572 2110 612 2140 59
636 2110 857 2151 corrigendum
887 2112 1012 2142 censet:
1046 2111 1100 2141 sed
1128 2110 1321 2151 digammate
1353 2109 1402 2140 vel
1432 2108 1494 2139 alia
1525 2118 1635 2138 conso-

220 2152 317 2182 nante
349 2162 466 2183 nomen
485 2151 609 2187 Ἰωλκός
636 2153 827 2184 instructum
857 2165 923 2185 esse
946 2154 1087 2191 videtur,
1124 2165 1153 2184 v.
1178 2152 1277 2193 Tych.
1301 2152 1488 2184 Mommsen.
1514 2151 1633 2181 Annot.

220 2194 290 2224 crit.
320 2193 481 2236 Supplem.
506 2207 535 2236 p.
561 2196 620 2227 135
645 2196 715 2226 coll.
745 2208 774 2237 p.
802 2198 861 2228 166
885 2209 931 2238 sq.
977 2197 1124 2228 Ceterum
1153 2196 1215 2227 Dio
1239 2196 1399 2237 Chrysost.
1423 2195 1522 2227 Oratt.
1547 2193 1582 2224 Τ.
1608 2193 1632 2230 Ι,

222 2247 252 2277 p.
277 2238 318 2267 64
340 2237 378 2268 R.
401 2240 519 2270 temere
553 2250 570 2269 a
597 2240 701 2280 poetis
723 2239 781 2271 hoc
806 2240 892 2272 Pelei
922 2240 1045 2271 facinus
1067 2241 1179 2271 fictum
1205 2251 1271 2271 esse
1295 2239 1476 2273 contendit,
1510 2237 1547 2268 de
1571 2248 1634 2277 qua

220 2290 253 2310 re
277 2280 414 2312 breviter
435 2282 545 2314 monui
568 2282 682 2313 Phjlol.
708 2282 743 2312 T.
768 2283 838 2320 XV,
862 2295 892 2324 p.
918 2284 989 2314 302.
