2007 2635
1019 262 1040 295 5

321 355 364 383 M
368 352 446 383 αλα
454 354 589 392 χθεὶς,
622 354 736 385 ictibus
755 364 942 394 percussas,
965 355 1047 385 male
1073 355 1244 391 mulcatus,
1275 354 1414 385 fractus:
1447 356 1578 386 verbum
1601 355 1642 386 ab
1665 358 1733 388 arte

319 397 453 427 coriaria
481 397 689 428 translatum:
727 408 755 427 v.
780 396 902 428 Knoch.
930 398 969 428 ad
999 397 1093 429 Babr.
1124 398 1209 429 fabb.
1233 398 1272 428 fr.
1302 409 1332 439 p.
1358 398 1416 429 67:
1447 398 1485 429 de
1515 399 1545 429 vi
1576 399 1736 440 participii

323 439 373 470 adi
396 439 551 470 Matthiae
575 440 628 471 Gr.
653 439 706 470 Gr.
731 451 761 481 p.
789 441 881 471 1294.
907 458 947 462 —
992 441 1137 482 Denique
1160 453 1188 471 ν.
1215 439 1325 476 στόλος
1355 441 1392 472 de
1422 442 1655 482 pancratiastae
1679 453 1736 483 ap—

320 485 433 523 paratu
457 485 488 513 et
518 494 575 524 pro
599 483 722 524 vulgari
753 494 780 513 v.
810 482 903 523 στολή
931 484 1050 514 dietum
1083 496 1149 515 esse
1177 484 1296 515 Ludov.
1322 484 1509 515 Dindorfius
1541 485 1578 515 ad
1600 484 1640 515 H.
1666 484 1735 516 Ste—

322 525 418 566 phani
442 525 533 556 Thes.
557 526 592 557 L.
618 525 672 557 Gr.
697 537 720 556 s.
745 537 773 557 v.
798 525 906 562 στόλος
929 538 958 567 p.
985 528 1043 558 801
1070 527 1109 558 D.
1138 527 1317 558 contendit:
1352 528 1405 558 sed
1429 527 1559 558 Pindari
1592 529 1735 569 tempore

320 569 548 609 pancratiastas
570 570 604 600 in
627 569 799 600 certamine
816 571 972 610 apparatu
994 571 1131 610 quodam
1147 571 1196 601 vel
1220 570 1315 601 armis
1336 570 1508 601 instructos
1531 570 1626 602 fuisse
1647 571 1736 603 nullo

320 612 413 642 modo
438 612 568 652 probari
592 614 704 653 potest.
758 612 913 652 Equidem
937 624 964 642 v.
989 613 1097 649 στόλος
1125 614 1161 644 de
1191 613 1390 654 expeditione
1419 614 1638 655 accipiendum
1669 625 1734 646 esse

320 655 498 695 putaverim
514 656 553 686 ab
576 655 725 686 iuvenum
742 655 1007 696 Aegineticorum
1022 657 1150 697 agmine
1174 668 1196 687 s.
1217 658 1309 688 coetu
1332 655 1408 697 (ἴλη)
1431 656 1625 688 Nemeorum
1642 667 1735 688 causa

319 700 478 738 suscepta:
511 709 538 728 v.
567 698 658 729 Pind.
683 697 774 729 Nem.
799 698 845 736 V,
877 700 917 729 38
941 710 1028 740 sqq.;
1056 700 1133 730 dicit
1160 700 1259 741 igitur
1282 703 1392 741 poeta:
1425 711 1586 741 quorum
1608 700 1735 731 forum

320 752 383 771 sua
407 743 508 771 sorte
529 753 602 772 non
632 741 775 782 polluit
798 741 1067 779 Aristoclides,
1091 754 1315 783 quamquam
1345 744 1384 774 in
1412 744 1661 774 robustorum
1682 744 1735 774 iu-

320 795 454 815 venum
485 785 733 825 expeditione
764 785 957 826 pancratii
987 796 1099 816 causa
1129 788 1309 827 suscepta
1339 787 1496 818 crebros
1526 787 1626 818 ictus
1655 798 1736 827 per—

322 838 461 869 pessus
486 830 551 858 est.

941 871 1017 913 Pag.
1043 872 1113 902 380.

406 913 525 953 simul]
571 912 645 943 Non
669 913 889 951 Aristoelides,
919 915 985 951 sed,
1015 917 1051 945 ut
1078 915 1140 945 iam
1163 915 1215 945 Er.
1241 915 1421 946 Schmidius
1444 917 1662 957 perspexerat,
1694 916 1733 946 τὸ

320 955 568 986 καλλίνικον
597 956 774 996 subjectum
804 959 870 994 est3
902 960 997 998 poeta
1018 958 1077 989 hoc
1105 958 1165 989 sibi
1192 959 1280 989 vult:
1314 970 1440 990 carmen
1463 959 1642 995 victoriale,
1668 956 1734 999 ᾠδὴ

319 998 512 1039 καλλίνικος,
549 998 688 1030 Nemeae
711 999 853 1039 quidem,
879 1011 918 1031 sc.
944 1002 994 1032 cui
1017 1012 1076 1042 ego
1098 1002 1130 1031 in
1154 1002 1311 1032 victorum
1334 1002 1458 1033 laudem
1488 1003 1627 1033 carmina
1649 1012 1734 1032 com—

319 1053 403 1084 pono
427 1043 572 1084 egregia,
607 1044 711 1082 φέρει,
744 1043 863 1073 affert
888 1044 1055 1085 plagarum
1081 1045 1263 1076 remedium.
1289 1064 1329 1067 -
1376 1044 1618 1086 Βαθυπέδῳ,
1650 1045 1735 1086 quod

319 1086 356 1117 de
379 1085 499 1116 Nemea
522 1087 555 1116 in
579 1086 659 1116 valle
682 1085 875 1126 depressiore
905 1088 965 1117 sita
998 1087 1156 1118 intellexit
1179 1088 1255 1119 Ern.
1280 1088 1408 1119 Curtius
1431 1088 1606 1129 Peloponn.
1631 1088 1666 1118 T.
1692 1087 1733 1125 II,

319 1140 349 1170 p.
375 1130 453 1165 587,
483 1129 600 1159 rectius
630 1130 665 1159 ut
689 1129 813 1159 videtur
843 1130 881 1160 ad
904 1132 1008 1162 terrae
1039 1131 1241 1162 fertilitatem
1264 1132 1400 1162 relatum
1429 1133 1476 1162 est
1504 1143 1522 1162 a
1545 1131 1733 1162 Blomfieldo

319 1173 357 1203 ad
378 1172 493 1203 Aesch.
510 1172 615 1202 Prom.
634 1172 741 1203 Vinct.
758 1173 852 1212 gloss.
871 1173 948 1204 673:
972 1174 1040 1205 add.
1065 1175 1184 1213 πέτραν
1204 1174 1435 1213 βαθυλείμωνα
1453 1174 1546 1214 Pyth.
1564 1174 1602 1211 X,
1629 1175 1678 1205 16.
1693 1193 1733 1196 —

311 1215 366 1244 Ἔν
388 1216 457 1255 (sic)
479 1214 670 1255 βαθυπεδίῳ
694 1215 752 1255 Ty.
775 1215 1017 1248 Mommsenius:
1049 1218 1102 1248 sed
1126 1229 1205 1258 quae
1228 1218 1265 1248 de
1290 1229 1386 1259 prava
1408 1218 1511 1249 forma
1533 1216 1736 1256 βαθυπέδιος

319 1258 499 1289 Boeckhius
539 1259 572 1288 in
612 1260 678 1289 not.
708 1259 777 1289 erit.
807 1260 846 1290 ad
874 1259 905 1290 h.
937 1260 956 1290 l.
992 1262 1024 1291 et
1058 1260 1237 1292 Lobeckins
1264 1261 1424 1302 Paralipp.
1455 1260 1507 1291 Gr.
1534 1260 1586 1291 Gr.
1616 1272 1646 1301 p.
1671 1261 1732 1291 247

318 1303 519 1337 monuerunt,
542 1302 683 1332 nondum
706 1302 844 1332 refutata
866 1305 950 1333 sunt.

406 1344 453 1375 Ol.
479 1344 568 1381 VIII,
595 1346 660 1385 19.]
706 1345 814 1375 Καλὰ
825 1357 854 1381 ς,
881 1348 1011 1387 propter
1034 1346 1135 1377 theori
1160 1357 1275 1377 munus
1298 1346 1509 1377 Aristoclidae
1532 1346 1670 1377 delatiun
1695 1346 1733 1376 de

318 1388 556 1428 pulchritudine
580 1388 690 1418 iniecit
713 1389 907 1419 mentionem
932 1391 1043 1430 poeta:
1068 1390 1216 1420 credibile
1235 1390 1320 1420 enim
1338 1392 1386 1420 est
1408 1390 1441 1420 in
1458 1389 1576 1420 theoris
1591 1389 1734 1420 creandis

317 1432 400 1462 cives
423 1433 597 1472 spectasse,
630 1433 667 1461 ut
689 1433 794 1462 essent
817 1434 849 1462 et
877 1443 992 1473 genere
1024 1433 1212 1463 nobilissimi
1236 1435 1268 1463 et
1290 1433 1408 1464 virtute
1439 1433 1551 1473 optimi
1575 1434 1608 1463 et
1630 1432 1733 1462 forma

318 1474 599 1515 praestantissimi:
630 1474 710 1505 Plat.
736 1474 835 1516 Legg.
860 1475 936 1513 XII,
968 1487 998 1517 p.
1024 1477 1085 1507 950
1110 1476 1149 1506 E:
1187 1475 1328 1507 Πυθῶδε
1351 1478 1393 1517 τῷ
1412 1475 1593 1506 Ἀπόλλωνι
1616 1477 1668 1505 καὶ
1690 1475 1734 1510 εἷς

312 1516 491 1556 Ὀλυμπίαν
513 1519 554 1558 τῷ
577 1520 633 1547 Διὶ·
651 1520 704 1547 καὶ
726 1518 770 1553 εἷς
793 1520 921 1558 Νεμέαν
943 1521 995 1549 καὶ
1016 1519 1060 1554 εἷς
1081 1518 1210 1558 Ἰσθμὸν
1232 1521 1290 1559 χρὴ
1314 1520 1451 1558 πέμπειν
1473 1541 1481 1548 .
1506 1541 1513 1549 .
1536 1541 1544 1548 .
1568 1520 1621 1548 καὶ
1644 1517 1733 1547 καλ-

317 1560 481 1596 λίστους
502 1571 532 1590 τε
555 1563 609 1590 καὶ
631 1560 795 1600 ἆρὶστυυς,
831 1564 940 1597 οἵτινες
962 1561 1131 1602 εὐδόκιμον
1154 1563 1208 1602 τὴν
1230 1561 1327 1592 πόλιν
1343 1562 1379 1592 ἐν
1401 1561 1501 1602 ἱεραῖς
1523 1573 1551 1593 τε
1575 1564 1629 1591 καὶ
1650 1561 1734 1602 εἰρη-

316 1609 420 1639 νικαῖς
448 1605 628 1639 συνουσίαις
658 1605 821 1645 ποίησουσι
852 1604 975 1636 δοκεῒνι
1011 1607 1042 1637 et
1067 1606 1193 1645 juvabit
1215 1606 1248 1636 in
1280 1608 1419 1637 mentem
1449 1616 1609 1637 revocasse
1632 1604 1735 1635 Taciti

317 1647 413 1677 verba
436 1646 518 1677 Hist.
542 1647 574 1680 I.
607 1648 642 1678 7:
675 1648 748 1687 ipsa
773 1651 861 1679 aetas
892 1649 1013 1680 Galbae
1041 1650 1158 1680 *im-isui
1189 1659 1225 1680 ac
1246 1649 1379 1688 fastidio
1410 1652 1480 1680 erat
1514 1648 1654 1680 adsuetis
1684 1648 1734 1678 iu-

319 1694 426 1721 ventae
442 1690 582 1721 Neronis
603 1694 632 1722 et
656 1692 861 1730 imperatores
881 1694 1014 1731 forma
1037 1702 1081 1723 ac
1104 1693 1248 1723 decore
1272 1693 1415 1731 corporis
1437 1695 1473 1723 ut
1495 1695 1540 1723 est
1560 1701 1627 1723 mos
1647 1691 1735 1731 vulyi

317 1734 581 1772 comparantibus.
606 1753 645 1756 —
669 1733 704 1763 εἰ
726 1733 760 1764 δ’
784 1756 791 1763 .
815 1756 821 1763 .
843 1734 985 1774 ἐπέβα,
1009 1736 1155 1776 apodosis
1178 1735 1387 1776 hypothetica
1411 1735 1526 1766 omissa
1549 1736 1612 1771 est,
1635 1735 1733 1764 ταῦτα

318 1775 398 1813 λέξω
419 1777 469 1807 vel
493 1777 592 1807 simile
615 1777 700 1817 quid,
725 1779 760 1807 ut
782 1779 904 1818 ποιήσω
927 1790 949 1809 s.
974 1778 1200 1819 μνησθήσομαι
1224 1778 1315 1809 Nem.
1334 1778 1390 1814 IV,
1417 1779 1473 1809 79:
1498 1778 1634 1819 protasis
1657 1788 1730 1808 vero

318 1819 355 1850 de
378 1830 411 1850 re
434 1820 519 1851 dicta
540 1822 588 1851 est
611 1831 666 1861 per
688 1832 720 1851 se
742 1823 853 1861 aperta
881 1832 939 1852 nec
968 1821 1061 1852 facile
1084 1822 1277 1853 dubitanda:
1308 1833 1336 1853 v.
1360 1821 1452 1853 Pind.
1476 1821 1524 1852 Ol.
1550 1821 1575 1858 Ι,
1601 1821 1650 1852 18.
1675 1820 1732 1858 VI,

319 1863 367 1903 78.
415 1862 507 1903 Pyth.
542 1863 618 1898 XII,
653 1864 693 1894 28
731 1866 763 1894 et
798 1864 836 1894 cs.
869 1864 1025 1905 Hartung.
1058 1865 1095 1895 de
1126 1865 1259 1896 Particc.
1293 1864 1346 1896 Gr.
1381 1865 1416 1895 T.
1448 1865 1497 1901 ΙΙ,
1528 1876 1558 1906 p.
1591 1864 1652 1894 212
1686 1874 1732 1904 sq.

320 1905 467 1936 Eiusdem
491 1908 668 1937 structurae
694 1907 839 1948 exempla
862 1908 944 1949 apud
969 1907 1101 1938 Latinos
1126 1908 1207 1939 haud
1229 1919 1299 1939 raro
1324 1908 1433 1939 obvia:
1458 1908 1586 1939 Sallust.
1611 1906 1732 1938 Histor.

319 1949 357 1979 fr.
372 1949 396 1985 Ι,
421 1950 471 1980 45.
497 1950 537 1979 25
562 1949 634 1980 Kr.:
659 1961 738 1989 quae
762 1951 790 1981 εἰ
807 1951 894 1982 vobis
907 1962 976 1990 pax
1000 1955 1029 1982 et
1045 1952 1213 1982 concordia
1235 1952 1456 1991 intell'iquntur
1478 1952 1532 1990 (sc.
1558 1950 1617 1981 hoc
1640 1950 1734 1990 dico),

318 2002 465 2022 maxuma
498 1993 697 2024 turbamenta
727 1994 920 2032 reipublicae
950 1997 1043 2033 atque
1073 1995 1173 2025 aritia.
1198 1995 1350 2034 probate:
1385 1994 1452 2025 Liv.
1481 1993 1576 2031 XXI,
1608 1993 1668 2029 40,
1703 1994 1731 2023 5.

320 2034 421 2070 XXII,
447 2036 497 2071 52,
521 2036 540 2066 2
557 2038 642 2073 cett.,
667 2036 740 2067 Tac.
758 2036 841 2067 Hist.
858 2037 882 2068 I.
910 2038 966 2068 16:
990 2037 1257 2075 H01·.Ca1m.1V,
1282 2039 1310 2074 9,
1336 2039 1350 2068 1
1376 2049 1414 2069 we
1434 2039 1516 2078 forte
1533 2037 1644 2068 credas
1659 2038 1733 2067 cett.

406 2078 486 2118 ἢρως
508 2080 600 2119 θεὸς]
646 2079 692 2110 Cf.
716 2079 877 2111 Welckeri
902 2080 1004 2120 Myth.
1030 2082 1083 2111 Gr.
1110 2080 1145 2111 T.
1170 2081 1210 2117 II,
1236 2092 1264 2122 p.
1291 2082 1361 2112 785.

405 2123 553 2163 pateret]
598 2121 655 2163 Ty.
681 2122 907 2154 Mommsenius
931 2124 1052 2155 codices
1075 2130 1200 2155 secutus
1222 2124 1413 2164 ὑπερόχους,
1443 2123 1512 2162 ἰδίᾳ
1534 2123 1563 2153 τ’
1586 2122 1733 2163 ἐρειῖνασε

320 2164 432 2195 edidit:
465 2167 566 2201 recte,
598 2168 633 2196 ut
657 2166 787 2207 opinor:
818 2166 902 2205 ἰδίᾳ
931 2167 949 2197 i.
975 2178 1005 2208 q.
1034 2166 1102 2205 ἷδίᾳ
1131 2166 1191 2197 ἄπ’
1217 2167 1326 2198 ἄλλων
1348 2169 1455 2203 sonat,
1491 2166 1572 2197 sine
1596 2166 1732 2197 comite

318 2207 414 2244 ullo;
439 2208 476 2238 ad
501 2207 716 2239 Stesichorum
733 2211 839 2240 autem
861 2210 974 2251 respici
998 2211 1130 2246 videtur,
1154 2222 1182 2241 v.
1209 2222 1282 2242 ann.
1307 2211 1346 2241 ad
1363 2210 1453 2241 Nem.
1473 2210 1498 2245 I,
1522 2210 1572 2240 62.
1599 2228 1637 2232 —-
1683 2210 1732 2241 De

319 2262 344 2281 v.
369 2253 524 2289 τεναγέων
545 2253 629 2282 recte
653 2251 817 2283 Heckerus
845 2253 877 2283 in
902 2253 1018 2284 Philol.
1045 2253 1080 2284 T.
1106 2254 1151 2289 V,
1175 2265 1206 2295 p.
1231 2255 1293 2285 446
1315 2254 1392 2285 haec
1416 2253 1577 2294 exposuit:
1613 2253 1731 2291 „verbo

317 2296 471 2332 τεναγέων
496 2294 649 2325 Pindarus
683 2295 862 2326 intellectas
894 2296 994 2327 voluit
1016 2296 1125 2337 Syrtes
1154 2296 1306 2337 Libycas,
1341 2297 1513 2328 secundum
1544 2307 1623 2336 quas
1649 2296 1731 2327 Her-
