2007 2635
939 174 988 212 lZ

111 294 166 324 tos
195 289 257 324 illo
284 301 410 325 mense
438 285 483 321 ab
513 285 661 334 Argivis
689 285 889 322 celebratos
918 299 997 321 esse
1033 284 1216 334 ponimus.
1284 284 1382 319 Dicit
1419 283 1530 332 igitur
1563 293 1685 334 poeta:
1727 286 1814 323 vicit

110 353 275 402 Pytheas
299 354 336 388 in
367 351 609 388 nobilioribus
637 352 860 387 Graecorum
885 350 998 397 ludis,
1031 350 1117 385 vicit
1144 349 1252 385 etiam
1280 348 1318 383 in
1347 348 1555 385 domesticis
1584 351 1815 388 minoribus-

109 431 197 466 que:
236 418 354 454 simile
381 417 426 453 de
450 416 544 453 ludis
572 415 779 452 domesticis
806 415 980 451 iudicium
1011 416 1116 451 Nem.
1144 415 1190 461 Il,
1213 416 1260 450 25
1288 414 1430 461 legitur.

230 498 263 532 p.
293 485 364 531 84]
396 483 594 530 ἀμοιβὰν
621 483 841 528 ἐπαύρεο,
870 481 915 518 de
943 481 1149 517 accusativo
1177 494 1209 516 v,
1230 480 1411 529 Kruegeri
1441 480 1504 516 Gr.
1534 481 1600 517 Gr.
1628 481 1673 527 II,
1701 485 1734 529 §-
1754 486 1814 530 47,

111 551 179 595 15,
209 551 243 584 2.

235 620 404 662 magister.
432 616 492 662 -]
547 613 681 649 Scholl.
710 612 756 648 ad
784 613 819 648 h.
851 613 885 659 L,
914 614 979 648 87:
1014 613 1225 661 Μένανδρος
1260 614 1295 648 δὲ
1316 612 1518 658 Ἀθηναῖος,
1547 612 1714 659 (Ξλειπτὴς
1739 618 1815 649 Πυ-

104 684 195 717 θέου
217 696 226 716 .·
255 682 364 717 etiam
391 679 631 729 Euthymenis
656 679 859 715 Menander
886 679 1007 714 fuerat
1033 678 1224 727 magister-3
1261 678 1531 727 Euthymenem
1560 686 1666 728 poeta
1692 678 1815 714 horta—

109 754 184 794 tur,
224 755 263 783 ut
288 760 335 783 ne
362 747 408 782 ab
436 746 587 781 lanistae
624 744 804 794 praeclari
838 745 1019 793 palaestra.
1053 757 1091 779 se
1126 751 1272 779 avertat.
1336 744 1506 780 Ceterum
1544 758 1600 779 vv.
1625 747 1695 791 χρὴ
1724 743 1753 779 δ’
1781 744 1817 779 ἐν

108 816 182 848 κτλ.
210 827 231 849 a
258 813 420 848 Pindaro
442 811 612 857 musicos,
641 824 795 858 quorum
820 811 897 859 ipse
930 810 1017 846 olim
1038 810 1262 845 institutione
1289 823 1375 846 usus
1404 810 1512 845 fuerit
1535 810 1691 846 Athenis
1715 823 1815 858 puer,

105 885 217 927 grata
244 886 365 914 mente
392 877 524 926 respici
546 876 701 913 coniecit
729 876 771 911 T.
795 877 1014 912 Mommsen.
1045 875 1195 911 Pindar.
1221 890 1255 924 p.
1285 878 1343 911 34.

228 945 271 991 V,
301 946 371 992 61.]
426 944 497 980 Vix
524 951 657 992 posset,
686 943 717 978 si
744 942 833 990 quid
863 942 990 988 video⁷
1028 942 1119 978 haec
1143 942 1201 977 avi
1227 954 1309 977 011111
1337 942 1459 990 pueris
1480 942 1684 978 barbatulis
1708 954 1815 978 excu-

107 1010 180 1046 sari
214 1010 453 1047 consociatio:
490 1009 578 1044 hinc
604 1009 829 1044 Themistius
857 1021 923 1057 pro
951 1007 1096 1055 aequali
1120 1007 1315 1044 habendus
1344 1016 1397 1043 est
1422 1008 1586 1056 Pytheae
1612 1015 1646 1043 et
1672 1008 1815 1056 Euthy-

107 1077 229 1112 menis
260 1076 376 1123 iisque
403 1074 673 1124 propinquitate
702 1074 916 1110 coniuncto:
947 1074 1017 1109 hoc
1038 1073 1157 1123 ipsum
1180 1074 1381 1109 accuratius
1408 1074 1560 1122 exposui
1582 1074 1675 1109 Mus.
1696 1074 1814 1110 Rhen.

105 1142 129 1177 1.
159 1155 188 1177 0.
217 1156 251 1191 p.
282 1143 365 1177 368.
421 1140 540 1176 Simili
567 1140 677 1176 niodo
702 1140 812 1176 trium
840 1139 1012 1175 iuvenum
1041 1139 1165 1175 laudes
1194 1152 1272 1175 sese
1306 1139 1491 1188 excipiunt
1517 1139 1555 1174 in
1583 1140 1655 1176 fine
1683 1139 1814 1175 carmi—

107 1208 165 1244 nis
194 1208 301 1244 Nem.
328 1207 389 1252 VI,
414 1206 478 1241 ubi
504 1219 536 1241 v.
565 1205 831 1241 annotationes.

233 1275 363 1320 0111311]
417 1277 533 1318 Ζυγόι]
560 1271 696 1308 30111001
722 1271 788 1308 sub
817 1271 897 1321 ipso
926 1272 1114 1308 carchesio
1141 1272 1188 1307 ad
1216 1273 1353 1308 malum
1377 1273 1558 1322 alligatur.

859 1389 949 1438 Pag.
978 1392 1063 1426 424.

231 1474 358 1521 33811]
395 1471 478 1507 add.
515 1479 652 1507 annott.
689 1471 736 1507 ad
765 1471 921 1520 Gregor.
950 1471 1062 1520 Cypr.
1088 1471 1192 1507 Leid.
1219 1472 1290 1517 ΠΙ,
1319 1475 1354 1515 4,
1380 1471 1550 1508 Paroem.
1579 1472 1663 1507 Grr.
1693 1473 1736 1508 T.
1764 1472 1811 1518 II,

105 1553 139 1588 p.
169 1541 215 1574 86
245 1538 300 1574 ed.
329 1551 442 1574 meae.

230 1604 542 1653 intelligerentu1·.]
596 1603 668 1639 Sed
692 1610 919 1651 παγκρατίῳ,
949 1604 1169 1652 optimorum
1197 1603 1363 1639 codicum
1391 1604 1584 1639 lectionem
1609 1604 1687 1640 iure
1712 1616 1811 1640 rece-

106 1671 159 1720 pit
178 1671 220 1706 T.
242 1671 482 1706 Mommsen:
511 1670 563 1705 sic
589 1670 687 1705 enim
715 1670 746 1705 is
774 1682 856 1705 011111
882 1682 915 1705 v.
945 1672 1078 1704 πύκταν
1105 1669 1244 1705 exsistit
1271 1682 1408 1709 sensus,
1435 1669 1497 1717 qui
1524 1677 1673 1718 propter
1698 1669 1811 1717 parti-

107 1738 205 1773 culas
234 1751 267 1772 τε
297 1759 346 1763 —-
375 1741 434 1771 καὶ
462 1735 698 1782 desideratur,
725 1743 763 1771 ut
789 1735 881 1771 vidit
908 1735 1121 1772 Grummius
1148 1735 1186 1770 in
1214 1735 1321 1771 docto
1350 1735 1493 1781 libello,
1531 1748 1639 1783 quem
1668 1735 1814 1783 scripsit

107 1803 152 1839 de
184 1803 408 1839 lectionibus
434 1801 641 1837 Pindaricis
668 1815 784 1851 nuper
811 1815 833 1837 a
861 1801 904 1837 Τ.
931 1802 1173 1837 Mommsenio
1200 1801 1351 1850 prolatis
1378 1815 1413 1849 p.
1445 1803 1502 1836 14.
1566 1801 1673 1836 Nunc
1701 1800 1810 1836 etiam

107 1869 179 1904 hoc
206 1876 322 1918 patet,
354 1881 376 1903 a
398 1874 505 1917 poeta
531 1880 606 1903 non
634 1875 724 1913 tres,
759 1874 798 1902 ut
824 1867 1002 1903 Dissenus
1029 1866 1159 1912 voluit⁷
1200 1867 1263 1903 sed
1299 1867 1389 1902 duas
1418 1866 1613 1902 Themistii
1640 1865 1811 1901 victorias

109 1934 401 1970 commemorari.
430 1955 478 1959 ——
505 1933 646 1979 ἑλεῖν,
674 1933 697 1968 1.
727 1947 760 1981 q.
789 1933 960 1976 ἑλέσθαι,
987 1946 1021 1968 v.
1049 1932 1197 1981 Olymp.
1228 1935 1258 1979 l,
1291 1935 1346 1968 13.

231 2000 430 2047 dede1·ant.]
486 1999 635 2036 Gratiae
664 1999 855 2035 victoriam
882 2011 1001 2046 neque
1030 1998 1118 2033 dant
1144 2010 1212 2034 nec
1239 1998 1325 2034 dare
1353 2004 1522 2046 possunt:
1548 1997 1660 2046 igitur
1687 2001 1747 2040 ξὺν
1774 2025 1782 2032 .
1804 2024 1812 2032 .

103 2065 274 2113 χιὶρισσιιν
302 2078 384 2101 011111
412 2080 444 2102 v.
473 2072 593 2112 φέρειν
620 2065 826 2115 iungenda:
866 2065 1020 2101 chorum
1055 2064 1143 2101 dicit
1176 2071 1284 2114 poeta
1318 2063 1521 2100 Themistio
1557 2063 1647 2099 duce
1681 2062 1811 2099 decore

109 2140 143 2167 et
169 2144 252 2167 011111
278 2132 396 2180 gratia
423 2131 627 2168 incessisse.
