2007 2635
1063 185 1083 219 6

363 272 608 304 Rauchenstein.
648 273 765 304 Philol.
778 273 864 311 XIII,
882 285 911 315 p.
928 275 990 305 256
1006 277 1325 309 commendaverant:
1347 280 1402 310 alii
1419 280 1529 312 aliter:
1545 293 1571 312 v.
1592 281 1777 314 Mommsen.

363 316 402 347 ad
425 316 455 346 h.
480 316 500 346 l.
525 317 556 347 et
577 317 616 347 ad
639 317 736 348 schol.
763 317 866 347 Germ.
882 317 972 348 Pind.
998 329 1028 359 p.
1053 319 1098 349 X:
1123 320 1281 360 Bergkius
1304 324 1411 353 autem
1432 324 1457 354 si
1482 335 1556 355 suae
1580 327 1781 358 coniecturae

363 359 555 400 interpretes
598 361 747 400 antiquos
786 360 889 391 favere
927 362 1110 394 contendit.
1157 363 1297 395 fallitur:
1330 376 1404 396 nam
1435 367 1510 407 quid
1540 368 1586 399 illi
1621 369 1653 399 in
1692 370 1781 401 libris

362 402 542 433 invenerint
559 414 661 443 neque
680 414 717 433 ex
742 403 1007 444 explicationibus
1024 408 1167 437 veterum
1186 408 1278 438 nobis
1301 408 1434 440 servatis
1453 421 1511 441 nec
1535 422 1572 442 ex
1596 413 1780 453 paraphrasi

362 447 449 477 certo
473 446 619 477 concludi
636 448 749 487 potest.

1001 504 1036 535 P.
1062 506 1134 536 405.

446 557 560 598 διὲσιν.]
587 557 658 589 VV.
702 558 1060 600 Γαδείρων...περατο’ν
1084 563 1117 593 111
1142 564 1345 604 proverbium
1369 564 1534 595 abierunt:
1560 575 1586 594 v.
1604 566 1727 595 anuott.
1741 565 1780 596 ad

359 600 504 642 Apostol.
528 600 612 637 XVI,
640 602 687 632 19.
715 621 751 623 -ᾼ-
807 602 844 633 V.
874 603 1037 644 Γαδείρων
1068 617 1182 646 magna
1205 618 1276 637 cum
1300 608 1329 637 vi
1354 609 1578 648 praepositum.

444 645 565 683 verba]
611 644 649 675 V.
674 644 836 684 Εὐρώπαν
867 650 1052 688 corruptum
1077 660 1142 680 esse
1166 652 1251 681 recte
1276 650 1407 690 Kayser.
1430 651 1533 682 Lectt.
1557 650 1647 682 Pind.
1682 663 1711 692 p.
1739 652 1778 682 73

358 688 522 718 contendit
551 698 607 717 nec
640 690 746 728 potest
777 689 855 720 illud
888 690 1016 721 defendi
1051 693 1193 724 versibus
1232 694 1344 724 incerti
1376 697 1487 735 poetae
1519 695 1603 734 apud
1644 695 1776 725 Aristot.

357 730 452 761 Rhet.
474 730 528 767 III,
559 731 594 760 14
610 730 684 770 ἤγεθ’
705 742 759 769 μοι
783 731 881 770 λόγον
904 733 1013 770 ἄλλον,
1039 734 1125 770 ὅπως
1143 734 1250 772 Ἀσίας
1274 736 1338 766 α’πὸ
1362 740 1451 776 γαίης
1468 736 1587 767 Ἦλθεν
1611 737 1643 772 ἐς
1670 737 1778 778 Ειῗρω-

357 784 419 814 πην
449 773 586 812 πόλεμος
616 775 725 812 μέγας.
769 775 975 807 Coniecturas
999 777 1069 809 VV.
1097 779 1166 809 DD.
1200 780 1267 811 vide
1299 781 1383 821 apud
1406 780 1592 811 Mommsen.
1617 781 1655 811 ad
1682 781 1711 811 h.
1737 782 1777 811 l.:

356 819 430 847 sunt
451 817 525 847 illae
549 817 575 846 si
598 817 674 857 quid
698 817 788 849 video
812 830 921 851 omnes
944 821 1186 861 improbabiles:
1211 823 1285 854 hinc
1302 824 1368 864 ipse
1384 825 1504 855 conicio
1526 824 1689 863 εὔορμον
1704 825 1779 855 scri-

356 860 493 890 bendum
518 870 601 891 esse:
633 860 726 900 λιμὴν
748 861 881 900 εὔορμος
904 874 942 893 ex
966 864 1105 896 Homero
1129 868 1249 897 notum.
1271 884 1311 889 —
1340 868 1502 906 ἄπορα,
1533 868 1649 898 fortius
1681 879 1776 908 quain

355 903 497 943 ἄπορον,
528 902 576 934 Ol.
606 903 631 940 1,
656 904 705 940 52,
730 904 769 935 cf.
794 904 910 936 Matth.
935 906 989 938 Gr.
1015 907 1068 939 Gr.
1093 920 1123 949 p.
1149 910 1219 940 996.
1255 928 1292 932 ᾖ
1339 909 1545 946 διελθεῖν,
1578 914 1613 941 nt
1644 911 1775 941 Homer.

354 946 462 986 hymn.
486 946 519 976 in
541 946 657 979 Vener.
682 947 760 978 276:
792 948 880 989 ὄφρα
903 961 936 978 κε
958 953 1056 981 ταῦτα
1080 952 1156 990 μετιὲ
1181 956 1272 992 φρεσὶ
1295 953 1401 983 ποίντα
1425 953 1558 989 διέλθω,
1584 966 1611 985 v.
1630 956 1711 984 nott.
1736 955 1775 985 ad

353 989 444 1020 Pind.
467 989 564 1029 Pyth.
590 989 679 1027 VHI,
701 992 752 1021 69.

438 1031 680 1074 Corroborant]
702 1033 840 1073 ἑτοῖμος,
865 1037 1004 1076 paratuS‚
1021 1038 1123 1076 aptus,
1140 1037 1235 1077 Pyth.
1258 1038 1313 1075 VI,
1332 1039 1359 1069 7.
1384 1057 1426 1061 ——
1456 1039 1570 1077 ἔβαν,
1596 1040 1633 1070 de
1657 1040 1773 1070 itinere

353 1076 488 1116 poetiCO,
512 1087 540 1106 v.
565 1076 604 1107 ad
628 1076 675 1107 Ol.
702 1077 789 1115 VIII,
817 1079 865 1108 13.
891 1078 982 1109 Nem.
1002 1079 1057 1115 VI,
1084 1081 1134 1110 66.

439 1119 503 1159 19.]
528 1130 557 1148 τε
580 1122 633 1149 καὶ
657 1145 662 1150 .
690 1145 695 1150 .
720 1132 750 1150 τε
774 1122 912 1162 positum
937 1124 972 1152 ut
995 1134 1062 1163 sup.
1089 1134 1132 1153 vs.
1158 1124 1175 1154 9
1200 1135 1244 1164 sq.
1272 1143 1310 1146 —
1343 1124 1503 1156 Potuisset
1527 1125 1623 1155 etiam
1645 1124 1773 1164 Ἰσθμοῖ

351 1173 379 1192 v.
396 1161 508 1192 Isthm.
533 1162 558 1202 I,
573 1163 631 1195 32:
656 1164 709 1194 sed
732 1165 764 1194 in
788 1165 940 1201 locorum,
964 1166 998 1195 111
1016 1166 1131 1206 quibus
1147 1167 1298 1197 victoriae
1316 1170 1506 1208 reportatae,
1532 1169 1774 1199 enumeratione

353 1205 506 1236 orationis
528 1206 698 1238 variandae
718 1218 842 1249 semper
859 1209 1019 1239 studiosus
1038 1209 1203 1241 Pindarus.

995 1265 1028 1295 P.
1055 1266 1127 1296 406.

436 1317 610 1359 ἀράσσων]
635 1318 782 1349 οιῗνὲονΐ
804 1321 881 1351 ἄνευ
904 1323 1079 1362 στεφάνων,
1103 1334 1174 1354 cum
1199 1324 1229 1354 vi
1253 1324 1382 1361 dictum,
1406 1335 1434 1355 V.
1458 1335 1527 1365 sup.
1542 1335 1584 1355 vs.
1608 1324 1646 1354 19
1664 1324 1772 1364 ibique

351 1364 430 1399 not„
454 1362 523 1393 add.
547 1361 638 1393 Nem.
662 1362 718 1400 ΙΙΙ,
746 1365 794 1394 15.

436 1405 599 1445 editione]
625 1405 684 1437 Sed
708 1407 828 1438 recedit
850 1418 868 1437 a
885 1407 1077 1438 Graecorum
1102 1409 1259 1439 institutis
1280 1411 1409 1449 χορηγία
1434 1410 1489 1439 uni
1505 1409 1655 1449 imposita
1670 1409 1768 1449 genti.

350 1448 484 1479 Videtur
517 1449 623 1489 potius
654 1449 926 1481 Theandridarum
957 1451 1076 1481 familia
1099 1452 1266 1482 tibicinum
1304 1455 1359 1483 aut
1389 1452 1625 1483 citharistarum
1661 1452 1769 1489 fuisse,

350 1502 430 1532 quae
454 1492 646 1523 hereditario
678 1493 744 1524 iure
776 1494 810 1524 in
836 1494 965 1524 deorum
989 1495 1184 1526 solemnibus
1208 1496 1359 1526 musicam
1383 1497 1551 1531 exerceret,
1576 1497 1612 1525 ut
1634 1496 1770 1526 Athenis

348 1534 547 1575 Lycomidae,
570 1535 724 1573 Eunidae,
749 1537 812 1568 alii.
836 1536 981 1568 Ceterum
1006 1538 1129 1569 videtur
1149 1550 1185 1569 ex
1200 1540 1304 1569 verbis
1320 1539 1447 1577 πάτραν
1465 1539 1504 1568 ἵν’
1532 1538 1595 1569 κτλ.
1621 1539 1766 1569 concludi

348 1589 455 1619 posse,
479 1578 651 1609 Pindarum
675 1590 747 1611 cum
771 1580 831 1611 hoc
854 1591 981 1611 carmen
1004 1584 1186 1619 caneretur,
1212 1583 1245 1612 111
1268 1583 1371 1613 insula
1394 1582 1518 1622 Aegina
1541 1593 1605 1613 non
1629 1593 1767 1613 commo-

348 1623 453 1652 ratum
473 1632 546 1652 esse.

434 1665 681 1705 candidissimo]
718 1664 852 1696 Locutio
866 1666 899 1696 ni
913 1665 1007 1696 fallor
1023 1667 1247 1706 proverbialis:
1271 1668 1315 1697 sic
1330 1666 1435 1705 χιόνος
1452 1667 1625 1706 λευκότεροι
1638 1666 1767 1697 Matron

347 1707 506 1738 Athenaei
532 1708 585 1744 VI,
610 1720 639 1749 p.
655 1709 715 1739 134
740 1708 775 1745 Ε,
801 1709 885 1749 quod
908 1709 1038 1739 ductum
1062 1721 1101 1740 ex
1125 1710 1220 1741 Hom.
1233 1710 1275 1741 Jl.
1297 1711 1335 1748 K,
1360 1711 1420 1741 437
1446 1713 1578 1740 ἵπποι..
1594 1709 1766 1749 λευκότεροι

346 1750 461 1789 χιόνος,
485 1751 524 1782 ad
548 1762 641 1792 quem
663 1752 768 1782 locum
791 1763 820 1782 v.
845 1751 970 1783 Scholia
995 1752 1128 1783 Veneta.

990 1809 1025 1840 P.
1049 1811 1121 1841 407.

430 1864 587 1905 habebit]
633 1863 731 1895 Recte
747 1864 936 1896 scholiastae
951 1867 1105 1907 apodosin
1121 1866 1369 1908 hypotheticam,
1389 1866 1520 1907 ποιήσω,
1536 1868 1766 1907 μνησθήσομαι

347 1908 496 1938 omissam
520 1918 586 1938 esse
609 1909 773 1943 statuunt;
808 1910 944 1949 protasis
974 1912 1078 1940 autem
1109 1910 1146 1941 de
1176 1922 1209 1942 re
1232 1911 1301 1950 agit
1325 1920 1381 1950 per
1404 1921 1435 1940 se
1459 1911 1570 1950 aperta
1593 1920 1650 1940 nec
1673 1909 1765 1940 facile

345 1950 535 1987 dubitanda;
567 1962 662 1991 quam
686 1951 843 1982 rationem
867 1952 1003 1983 Pindaro
1034 1954 1200 1994 probatam
1222 1964 1288 1984 esse
1311 1953 1455 1994 pluribus
1478 1953 1511 1983 111
1533 1952 1647 1983 horum
1671 1953 1766 1983 Addi-

344 1995 558 2025 tamentorum
574 1994 746 2033 specimine
768 1996 904 2026 secundo
929 1996 968 2027 ad
983 1996 1074 2027 Nem.
1100 1997 1156 2033 III,
1183 1998 1221 2028 19
1245 1997 1496 2027 demonstratum
1510 1996 1634 2026 ivimus.
1650 1995 1763 2036 Itaque

345 2047 470 2067 causam
488 2049 553 2068 non
568 2038 667 2074 video,
692 2048 748 2068 cur
764 2038 1012 2070 Rauchenstein.
1059 2040 1173 2071 Philol.
1197 2040 1232 2070 T.
1246 2040 1331 2076 XIII,
1356 2051 1386 2080 p.
1411 2040 1472 2070 256
1486 2039 1600 2077 χρυσὸς
1613 2040 1686 2078 μὲν
1701 2038 1762 2069 κτλ.

345 2081 462 2111 scribat
484 2083 516 2111 et
538 2092 587 2112 vv.
610 2081 740 2119 χρυσὸς-
756 2083 865 2120 ,φῶτα
888 2093 960 2113 eum
990 2082 1114 2123 Heynio
1139 2083 1321 2123 Beckioque
1352 2082 1577 2124 parentheseos
1608 2083 1676 2113 loco
1708 2082 1763 2112 ha-

346 2123 426 2154 beat.
459 2143 496 2146 ——
542 2124 580 2155 In
612 2135 638 2155 v.
663 2123 853 2162 ἰσοδαίμονα
876 2126 1017 2157 notanda
1040 2127 1163 2166 syllaba
1188 2127 1289 2167 prima
1312 2126 1372 2157 hoc
1396 2137 1460 2157 uno
1483 2125 1551 2157 loco
1576 2126 1609 2156 in
1633 2125 1762 2156 Pindari

344 2167 536 2198 carminibus
561 2168 730 2208 producta:
762 2168 847 2202 ἰ’σσος
867 2170 951 2200 8111111
975 2169 1090 2200 Aeoles
1113 2173 1144 2200 et
1167 2169 1296 2210 Sappho
1320 2170 1444 2207 dixere,
1476 2169 1557 2200 unde
1581 2169 1615 2199 in
1637 2169 1762 2199 lexicon

344 2207 518 2250 Hesychius
549 2210 685 2252 recepit:
718 2221 745 2241 v.
771 2211 908 2243 Ahrens.
938 2212 1021 2243 Dial.
1046 2212 1136 2244 Aeol.
1162 2224 1192 2254 p.
1217 2214 1276 2244 65:
1306 2213 1376 2244 add.
1400 2213 1548 2247 ἶσσόθεος
1569 2212 1603 2243 111
1627 2212 1762 2252 inscrip-
