2007 2635
960 192 981 226 5

265 295 313 315 nr.
339 285 418 322 286,
453 296 482 325 p.
510 285 602 321 1131,
636 285 668 314 et
697 283 730 313 in
762 283 857 313 tertia
891 282 1078 323 Lyricorum
1101 282 1239 313 editione
1267 294 1297 324 p.
1326 284 1406 315 1365
1439 287 1550 316 contra
1579 285 1680 317 Maur.

265 327 401 368 Hauptii
425 328 627 368 opinationes
650 326 728 366 (Ind.
752 326 836 356 lectt.
860 337 912 356 un.
936 325 1039 357 Berol.
1065 328 1142 357 aest.
1167 338 1194 356 a.
1219 325 1472 368 MDCCCLXIV)
1495 329 1678 370 disputavit.
1728 349 1730 351 -

266 371 339 402 Alia
363 371 485 402 ratione
509 371 698 411 scripturam
722 368 891 398 Δαιδάλου
914 369 1071 400 Christius
1095 369 1209 399 Philol.
1233 369 1333 407 XXV,
1358 382 1387 410 p.
1412 372 1473 402 632
1497 373 1597 403 tuitus
1620 375 1677 403 est.

266 433 303 437 -
334 414 468 454 quur«,
498 425 591 444 sensu
614 413 747 447 tralato,
783 423 819 442 ex
844 423 899 442 usu
924 412 1063 443 Pindaro
1092 412 1258 450 familiari,
1282 413 1322 444 cf.
1346 413 1437 445 Nem.
1462 414 1556 452 VIII,
1585 416 1621 446 17
1646 419 1678 447 et

266 457 472 488 Homericum
495 457 594 486 κακὸν
616 457 696 494 μέγα
720 456 797 483 πᾶσι
822 457 974 494 φυτεῦσαι
995 458 1028 486 et
1051 456 1175 486 similia.

352 500 524 540 insidiose]
550 500 583 529 ἐκ
609 498 804 539 praepositio
835 498 975 529 adverbii
1005 499 1291 539 circumscriptioni
1315 499 1460 535 inservit,
1494 499 1609 531 Matth.
1641 502 1678 533 G.

266 542 319 573 Gr.
347 554 375 583 p.
403 543 494 579 1334,
519 543 588 573 add.
613 542 655 577 ἐξ
678 541 824 577 ὀλίγον
848 541 868 571 i.
893 553 919 572 e.
953 542 1058 573 subito
1082 542 1166 583 apud
1190 541 1297 572 Solon.
1320 543 1359 573 fr.
1371 542 1459 579 XIII,
1487 544 1534 579 14,
1564 554 1607 574 ex
1631 545 1683 576 lu-

266 586 388 616 bidin
403 597 418 616 e
446 586 528 626 apud
553 585 680 616 Sallust.
706 584 797 615 Catil.
814 586 841 620 8,
869 585 882 614 1
908 584 985 625 ibiq.
1011 596 1039 616 v.
1064 585 1137 615 intt.
1162 588 1194 615 et
1219 584 1344 617 Walch.
1362 586 1541 617 Emendatt.
1560 586 1628 618 Liv.
1652 600 1682 630 p.

268 630 339 659 163.
386 628 491 659 Hand.
518 628 652 659 Tursell.
677 627 716 664 II,
741 638 769 668 p.
796 628 858 657 652
882 639 927 667 sq.

352 671 547 712 concilians]
598 671 794 711 Ambiguum
819 670 1005 701 scholiastae
1029 671 1154 701 videtur
1177 672 1301 709 Χείρων
1330 671 1362 701 in
1387 682 1429 702 vs.
1453 672 1490 703 61
1523 673 1564 703 sit
1593 675 1681 705 verbi

266 714 390 753 ἐκφέρει
416 715 591 745 subiectum
617 725 657 744 an
681 714 713 743 τό
735 714 908 752 μορσιμονε
941 714 994 744 sed
1016 716 1052 743 ut
1075 714 1112 744 ad
1138 725 1164 744 v.
1190 713 1307 744 ἄλαλκε
1338 716 1444 746 mente
1473 717 1680 756 repetendum

266 761 313 788 est
348 757 460 797 ΙΙηλιΐ,
506 758 551 788 ita
576 757 685 797 Πηλέα
716 757 753 787 ad
800 767 827 786 v.
866 756 1013 796 ἐκφέρεις
1057 758 1094 787 de
1119 768 1147 787 V.
1186 759 1309 797 ε’κᾳὲρω
1349 758 1387 788 cf.
1413 757 1509 799 Soph.
1550 760 1637 791 Aiac.
1664 763 1680 790 7

268 801 344 841 ibiq.
370 803 438 831 not.
468 800 710 831 Schneidewini.
767 799 883 829 Fatum
913 802 1019 830 autem
1047 811 1070 830 s.
1096 799 1214 830 Parcae
1244 811 1281 831 ex
1305 800 1435 831 Pindari
1463 803 1621 833 sententia
1644 814 1680 834 ea

266 846 495 884 exsequuntur,
525 854 604 884 qnae
626 842 752 884 Jupiter
780 854 876 883 penes
906 853 1000 882 quem
1029 854 1186 873 summum
1210 854 1314 874 rerum
1338 845 1478 875 omnium
1502 848 1550 876 est
1578 846 1679 887 impe-

266 887 358 923 rium,
383 898 438 917 suo
462 887 595 917 consilio
619 886 798 916 constituit:
824 885 913 916 Pind.
938 886 1032 926 Pyth.
1058 886 1097 922 V,
1124 887 1193 917 114.
1219 885 1267 917 Ol.
1286 886 1340 922 IX,
1366 888 1415 916 42.
1440 887 1530 918 Nem.
1550 889 1604 925 VI,
1631 890 1680 920 13.

273 929 426 961 Threnor.
459 930 498 959 fr.
524 931 556 960 8:
581 930 650 959 add.
676 929 822 969 Aeschyl.
846 927 957 969 Suppl.
982 930 1059 960 645:
1085 931 1174 969 Ζῆνα
1199 952 1205 958 .
1227 952 1233 958 .
1248 952 1255 959 .
1279 929 1312 964 ὃς
1336 930 1436 971 πολὶῳ
1460 931 1546 973 νόμῳ
1580 933 1675 962 αἶσαν

266 972 365 1011 ὀρθοῖ
386 975 417 1003 et
440 984 520 1013 quae
547 973 579 1003 in
596 972 676 1003 hanc
702 983 767 1003 rem
790 971 915 1002 Bullius
938 973 1084 1013 exposuit
1108 973 1145 1003 de
1169 973 1302 1013 sapient.
1321 972 1545 1005 Pi11d.Comm.
1570 986 1600 1016 p.
1624 976 1674 1007 28.

350 1017 421 1046 460.
448 1016 500 1056 —]
527 1015 778 1055 θρασυμάχανος
801 1026 817 1045 e
840 1015 1021 1055 conjectura
1046 1015 1222 1055 Bergkius,
1252 1022 1365 1046 contra
1388 1016 1448 1047 loci
1473 1019 1674 1049 concinnita-

264 1061 337 1092 tem.
362 1059 455 1089 simul
479 1059 653 1089 chiasmum
678 1059 794 1095 delens,
819 1058 945 1098 qualem
976 1059 1091 1099 passim
1118 1059 1272 1089 Pindarus
1297 1059 1439 1090 admisit:
1471 1060 1600 1091 Scolior.
1627 1061 1665 1093 fr.

271 1101 310 1135 V.
336 1104 367 1132 3:
401 1103 528 1141 ψαλμὸν
558 1101 775 1140 ἀντίφθογγον
806 1100 937 1142 ὑψηλοῖς
973 1101 1101 1131 ἀκούων
1124 1102 1286 1142 πηκτίὸ“ος;
1323 1102 1474 1133 Parthen.
1507 1104 1545 1134 fr.
1569 1104 1616 1140 II,
1641 1106 1677 1136 2:

265 1147 382 1183 σεμνᾶν
406 1147 552 1184 Χαρίτων
578 1145 703 1185 μέλημα
738 1144 886 1182 ιερπνόνε
913 1144 1042 1175 Prosod.
1066 1145 1105 1175 fr.
1133 1146 1159 1181 1.
1185 1146 1219 1175 3:
1249 1146 1369 1182 >390vdg
1389 1145 1511 1185 εὐρείας
1534 1146 1679 1188 ἀκίνητον

264 1190 373 1227 τέραςε
396 1187 487 1218 Nem.
513 1188 574 1224 ΙΙΙ,
598 1189 653 1219 79:
684 1187 761 1227 πόμ’
784 1187 932 1226 οἷοίδιμον
952 1188 1105 1231 Αἰολῇσιν
1135 1188 1170 1218 ἐν
1201 1194 1348 1218 πνοαῖσιν
1378 1188 1499 1220 αὕλῶνῑ
1537 1190 1628 1221 Nem.
1653 1191 1679 1230 I,

267 1232 316 1261 34.
343 1231 507 1271 PythNI,
536 1233 582 1261 11.
608 1250 649 1254 —
672 1231 854 1262 Haeserunt
876 1231 942 1261 sine
966 1242 1059 1262 causa
1083 1231 1153 1262 VV.
1179 1231 1249 1262 DD.
1281 1232 1314 1262 in
1337 1232 1494 1273 particula
1515 1245 1544 1263 w
1568 1234 1670 1275 primo

267 1285 374 1304 versus
398 1275 467 1305 loco
494 1275 666 1305 collocata:
691 1286 718 1305 v.
743 1274 879 1314 Kayser.
901 1275 933 1304 in
958 1274 1070 1305 Dinrn.
1092 1275 1224 1305 vindob.
1249 1274 1284 1305 T.
1308 1274 1372 1311 CV,
1396 1287 1426 1316 p.
1453 1277 1522 1306 100.
1547 1276 1677 1308 Schnei-

265 1317 377 1348 dewin.
405 1317 518 1348 Philol.
545 1317 580 1348 T.
606 1318 647 1355 11,
672 1330 701 1359 p.
728 1318 797 1348 729.
834 1317 1019 1348 Mommsen.
1045 1318 1083 1348 ad
1107 1318 1138 1348 h.
1162 1318 1199 1348 l.:
1224 1318 1277 1348 sed
1314 1329 1393 1359 quae
1422 1319 1460 1349 ad
1484 1331 1607 1351 versum
1631 1332 1679 1351 sa-

264 1361 402 1391 nandum
426 1362 687 1402 excogitaverunt
716 1361 842 1391 silentio
866 1361 1036 1401 premenda
1058 1363 1141 1398 sunt,
1166 1363 1333 1402 postquam
1356 1373 1461 1392 veram
1482 1367 1591 1403 poetae
1614 1375 1680 1394 ma-

264 1415 338 1433 num
358 1405 518 1443 ingeniose
546 1404 704 1445 Bergkius
719 1404 875 1434 restituit:
902 1405 1102 1435 scribendum
1119 1405 1203 1435 enim
1227 1406 1274 1435 est
1300 1404 1439 1444 οἷκμιοὶνῙτ1
1459 1404 1477 1446 ἦ
1495 1405 1680 1438 δεινοτάτων

263 1446 343 1476 κτλ.;
374 1458 401 1477 v.
428 1447 517 1478 Piud.
541 1447 635 1487 Pyth.
661 1447 720 1484 IX,
746 1448 786 1477 22
811 1458 877 1487 sqq.

351 1490 437 1531 967]
483 1490 569 1521 Bene
595 1490 711 1521 Scholl.
736 1490 774 1521 ad
798 1490 827 1520 h.
854 1491 884 1526 l..
913 1491 986 1520 101:
1010 1491 1026 1530 ἡ
1053 1490 1087 1520 δὲ
1110 1491 1276 1530 μεταφορὰ
1300 1489 1365 1521 α’πὸ
1387 1493 1449 1520 τῶν
1471 1491 1673 1531 ἐρεσσόντων,

264 1535 297 1562 οἳ
318 1532 394 1562 ὅταν
418 1531 534 1571 λήγωσι
561 1535 609 1573 τῆς
631 1534 788 1572 ἐργασίας,
813 1532 957 1571 σχείζουσι
981 1534 1035 1568 τὰς
1048 1545 1167 1573 κωπας,
1193 1545 1219 1564 v.
1244 1535 1352 1564 annot.
1378 1534 1416 1565 ad
1441 1534 1536 1575 Pyth.
1560 1536 1597 1569 X.
1623 1538 1673 1567 51.

269 1575 502 1617 Lexicographi
527 1577 687 1617 explicant
710 1588 766 1617 per
790 1588 816 1608 v,
842 1576 954 1614 χαλᾶν,
979 1575 1129 1616 ἀφιέναι,
1154 1588 1180 1607 v.
1208 1576 1351 1617 Hesych.,
1376 1577 1461 1608 Suid.
1486 1589 1508 1609 s.
1534 1590 1582 1610 vv.

348 1619 532 1660 accipiunt]
584 1620 676 1650 Prior
705 1621 786 1650 ratio
820 1622 975 1660 praestat:
1010 1620 1049 1650 ad
1083 1631 1152 1650 eam
1175 1620 1367 1651 fulciendam
1397 1621 1477 1651 addo
1508 1623 1604 1652 etiam
1640 1623 1673 1653 in

263 1662 389 1702 pictura
425 1663 506 1693 vasis
530 1662 713 1694 Volcentini
741 1674 759 1693 a
782 1662 947 1694 Gerhardo
980 1663 1013 1693 in
1048 1663 1147 1700 libro,
1178 1664 1228 1694 cui
1250 1664 1387 1695 indicem
1428 1664 1516 1695 fecit:
1561 1666 1674 1697 Triak-

262 1705 388 1736 sebalem
413 1706 480 1736 mul
505 1706 645 1744 Gestis-se,
679 1706 743 1736 tab.
769 1706 808 1736 H.
833 1706 920 1743 editi,
945 1706 1028 1737 Deos
1052 1707 1196 1747 Deasque
1224 1718 1288 1737 uno
1316 1707 1348 1737 in
1372 1706 1462 1737 sedili
1491 1719 1591 1749 eoque
1624 1720 1675 1740 ro·-

262 1749 362 1779 tundo
397 1750 540 1779 sedentes
571 1752 601 1780 et
631 1761 791 1780 sermones
821 1749 905 1780 inter
941 1761 972 1780 se
995 1752 1133 1780 serentes
1175 1750 1328 1781 exhiberi.
1392 1749 1459 1781 Nec
1497 1753 1675 1792 spernenda

263 1791 449 1822 scholiastae
474 1793 569 1823 verba
593 1796 667 1823 sunt
690 1793 728 1823 ad
753 1793 781 1823 h.
806 1792 843 1822 l.:
868 1790 898 1822 οἱ
919 1795 977 1831 μὲν
1000 1793 1211 1832 φυσικώτερον
1240 1794 1293 1822 τόν
1328 1792 1467 1833 οὐρανὸν
1504 1794 1669 1825 α’πέδοσαν

264 1834 317 1863 διὰ
341 1837 372 1864 τὸ
397 1835 604 1874 σφαιροειδὲς,
629 1835 701 1865 ἀλλ’
722 1836 917 1865 ἐναντιοῖται
941 1834 1046 1870 αὐτοῖς
1069 1837 1105 1865 τὰ
1130 1838 1180 1876 τῆς
1204 1834 1347 1875 ἱστορίας·
1367 1835 1405 1866 οὐ
1421 1838 1482 1875 γάρ
1505 1839 1558 1866 τὸν
1581 1837 1675 1876 οὖρα-

265 1878 321 1906 νύν
344 1877 361 1907 o‘
387 1878 506 1918 Πηλεὺς
528 1879 700 1909 ἐθεᾰοαιο.
723 1878 892 1908 ἀκουστέον
914 1877 972 1908 οὖν
995 1880 1026 1908 τι)
1052 1879 1139 1917 παρὰ
1172 1880 1204 1908 τὸ
1229 1880 1349 1920 Πήλιον
1372 1882 1428 1909 τῶν
1453 1881 1539 1909 θεῶν
1562 1882 1675 1911 κυκλο-

264 1922 346 1959 τερὲς
368 1929 561 1960 συμποσιον,
593 1922 669 1961 ὅπερ
694 1921 898 1962 συνετελέσθη
936 1927 998 1956 τοῖς
1024 1925 1077 1951 τοῦ
1112 1921 1239 1962 Πηλέως
1266 1923 1390 1960 γάμοις.
1452 1923 1536 1954 Hinc
1570 1926 1668 1965 patet,

264 1963 384 1994 nullam
408 1965 515 1996 adesse
540 1976 682 2001 causam,
712 1976 767 1996 cur
791 1965 941 2001 ἔγκυκλον
970 1964 1068 2003 ἕδραν
1091 1964 1282 1996 Rauchenst.
1313 1965 1429 1996 Philol.
1462 1967 1495 1997 T.
1521 1967 1611 2004 XHI,
1636 1979 1666 2008 p.

265 2007 328 2037 256
352 2009 534 2045 tentaverit,
560 2011 615 2038 aut
637 2008 719 2038 εἶδεν
742 2008 774 2037 δὲ
799 2008 917 2038 κυκλον
940 2007 1039 2046 ἑδρᾶν
1064 2008 1196 2039 Ahrens.
1220 2009 1294 2040 ibid.
1319 2009 1409 2046 XVI,
1435 2021 1464 2049 p.
1491 2010 1541 2041 58.

350 2049 468 2089 habet.]
515 2051 654 2092 Lycoph.
689 2052 771 2082 Cass.
801 2052 863 2082 3157
905 2051 1066 2089 χοιράδων
1096 2051 1124 2080 δ’
1158 2051 1345 2093 ἐφημένους,
1385 2053 1439 2083 ubi
1480 2064 1507 2083 v.
1541 2052 1670 2084 Scholia

264 2092 470 2124 Bachmanni.
497 2114 536 2117 —
559 2105 678 2124 ποντου
701 2095 740 2133 τ’,
769 2095 911 2135 exempla
935 2094 1102 2125 Pindariea
1126 2095 1277 2136 simplicis
1300 2107 1328 2125 τε
1362 2096 1511 2137 opposita
1534 2096 1668 2127 coniun-

263 2137 370 2176 gentis
394 2137 525 2175 collegit
548 2137 582 2167 T.
608 2137 793 2169 Mommsen.
819 2138 935 2168 Adnot.
961 2138 1031 2168 crit.
1058 2137 1218 2179 Supplem.
1245 2150 1275 2180 p.
1304 2139 1373 2169 193.

347 2180 486 2220 χρόνον.]
532 2179 762 2219 Significantur
788 2181 871 2212 dona
898 2181 930 2211 in
966 2183 1107 2221 posteros
1137 2181 1304 2213 duratura:
1337 2181 1480 2221 Thucyd.
1505 2182 1529 2218 I,
1554 2183 1604 2219 51,
1629 2183 1667 2213 3:

265 2222 276 2261 'i
304 2224 462 2260 ναυμαχία
486 2219 627 2253 gradiva
651 2224 682 2259 ἐς
716 2224 845 2254 νιὶκταῑ
869 2225 925 2259 ΙΙΙ,
951 2226 1000 2260 82,
1017 2226 1035 2253 8
1058 2224 1090 2258 ἐς
1112 2223 1147 2254 δὲ
1170 2225 1202 2254 τὸ
1227 2224 1383 2264 ἑκατέροις
1406 2235 1469 2254 που
1484 2224 1532 2254 αέὶ
1556 2224 1674 2266 ἡδονήν

262 2266 340 2303 ἕχον,
357 2265 528 2304 ὁρίζονιιςι
558 2266 713 2307 Bergkius
736 2268 855 2305 ἐγγενὲς
878 2265 966 2307 αὐτῷ’
995 2267 1136 2308 scripsit,
1164 2269 1247 2309 quod
1280 2269 1342 2299 iam
1381 2268 1613 2299 Rittershusius
1640 2271 1673 2300 et
