2007 2635
1062 141 1083 180 7

223 256 294 291 fine
322 255 548 300 collocatum,
575 267 608 288 v.
636 253 806 289 Momms.
831 252 956 302 Suppl.
983 252 1059 288 crit.
1088 265 1173 288 ann.
1205 266 1239 301 p.
1265 254 1346 288 146.
1376 275 1425 280 -—
1453 253 1472 289 ὃ
1509 257 1585 294 τᾶς
1621 256 1751 298 θεοῦ,
1786 253 1834 288 ὃν
1862 281 1869 288 .
1896 281 1918 298 .,

223 320 364 356 dubitat
403 320 447 356 de
486 318 650 355 lectionis
678 317 886 366 integritate
911 323 1103 366 propterea
1131 317 1229 364 quod
1257 331 1392 353 nomen
1424 318 1625 364 Ψαμάθεια
1651 319 1688 354 in
1718 317 1917 354 secundum

221 386 427 422 membrum
455 386 626 422 reiectum
655 384 710 425 sit,
737 384 778 419 Τ.
808 383 1024 419 Mommsen.
1054 382 1205 418 Ritschl.
1235 391 1269 419 et
1296 383 1431 421 Welck.
1461 386 1553 421 Mus.
1581 386 1697 422 Rhen.
1727 384 1858 431 T.·IV‚
1882 399 1916 433 p.

223 453 314 487 548:
343 451 406 487 sed
433 451 617 499 vulgatam
645 448 809 485 defendit
830 447 1056 484 Heimsoeth.
1085 448 1108 483 l.
1135 461 1164 484 c.
1192 462 1226 497 p.
1250 450 1317 484 22:
1356 450 1428 486 vid.
1452 451 1560 487 etiam
1587 452 1671 487 infr.
1698 465 1750 487 vs.
1778 453 1825 486 30
1853 464 1920 486 no-

222 530 305 553 men
328 517 495 552 Ἀλάστου
522 515 688 550 similiter
723 520 804 562 post
839 527 872 548 v.
897 513 1041 549 ἀκοίταν
1076 514 1217 550 illatum
1251 521 1285 550 et
1308 515 1433 551 Isthm.
1458 516 1508 562 II,
1538 518 1579 551 21
1614 530 1666 564 sq.
1699 538 1740 543 —
1771 517 1846 551 ἐπὶ
1874 544 1883 552 .
1910 544 1919 552 .

223 586 410 625 πόντου,
436 580 619 616 Homerus
645 580 703 614 ἐπῖ
729 580 873 627 ῥηγμῖνι
903 578 1104 625 θαλάσσης.
1135 602 1181 605 —
1238 580 1315 615 Iam
1345 581 1389 616 de
1417 587 1492 616 tota
1518 581 1669 628 periodo
1697 581 1918 627 addendum,

223 662 266 684 ex
306 644 603 682 Rauchensteinii
651 645 828 681 sententia
864 645 996 680 Philol.
1035 645 1077 680 T.
1113 645 1223 692 XIII,
1260 660 1296 694 p.
1324 648 1396 682 259
1438 647 1626 696 proposita
1667 647 1843 683 adhibitis
1877 647 1920 684 E.

224 711 402 748 Schmidii
428 710 656 758 aliorumque
688 711 903 758 conjecturis
936 711 1056 746 locum
1091 712 1142 747 ita
1169 712 1424 760 refingendum
1463 725 1541 748 esse
1569 716 1700 760 πατρὸς
1726 712 1761 747 θ’
1780 712 1920 748 τΕλλα-

223 784 297 813 ι’ίου
323 805 331 812 .
359 804 367 811 .
396 804 404 811 .
433 781 608 815 πίτναντὲς
635 780 662 809 τ’
692 776 815 822 αἰθέρι
843 803 850 811 .
877 804 885 811 .
908 781 935 811 τ’
964 777 1134 822 &Hymen-9
1163 778 1229 812 υἱοὶ
1254 805 1262 812 .
1293 791 1322 812 ..·
1362 778 1425 813 Sed
1449 778 1600 814 verbum
1628 778 1771 814 finitum
1796 785 1919 815 πίτναν

223 842 334 878 verbo
372 842 546 876 θέσσαντο
585 853 649 889 per
686 841 902 889 particulum
934 856 967 876 τε
995 841 1228 878 subiunctum
1255 842 1473 878 Pindaricae
1503 844 1677 879 orationis
1711 844 1829 879 tenori
1853 858 1917 893 ap-

223 907 419 943 tissimum:
454 919 486 940 v.
516 919 592 954 sup.
621 918 672 940 VS.
699 907 719 940 5
749 912 825 952 νίκη
853 934 861 941 .
890 934 898 942 .
927 911 1073 942 (ῥαίνων
1097 935 1105 943 .
1135 935 1143 943 .
1169 908 1207 943 ἐκ
1236 909 1271 943 δὲ
1299 936 1307 943 .
1333 936 1341 943 .
1370 908 1558 956 ἐγέραρενς
1595 916 1630 944 et
1662 909 1733 945 duo
1757 910 1919 958 nomina,

224 985 315 1020 quae
347 985 379 1007 v.
406 971 484 1018 ἁμᾷ
513 978 727 1018 sequuntur,
758 972 865 1007 otiam
890 972 1046 1021 simplici
1070 978 1129 1007 καὶ
1157 987 1178 1008 a
1205 973 1320 1022 poetis
1347 974 1579 1022 copulantur,
1615 974 1766 1011 Homer.
1797 975 1865 1011 Od.
1890 976 1918 1024 I,

224 1039 270 1073 48
295 1040 328 1073 οἳ
356 1050 437 1082 σφιν
463 1043 614 1082 γὲίτοιές
643 1036 732 1082 ἦσαν
759 1036 836 1082 ἅμα
864 1040 1009 1077 πλέονὲς
1034 1043 1094 1072 καὶ
1123 1038 1272 1087 (ἕρξιόυς,
1298 1039 1346 1074 ib.
1383 1044 1419 1086 T,
1448 1042 1533 1076 471.

333 1103 457 1149 araur]
514 1103 651 1138 Contra
680 1102 770 1138 haec
797 1103 956 1152 disputat
980 1104 1156 1140 Welcker.
1185 1104 1302 1153 Myth.
1329 1105 1374 1141 G.
1401 1105 1446 1152 II,
1474 1120 1508 1154 p.
1538 1106 1622 1142 210.

972 1206 1061 1255 Pag.
1089 1207 1174 1242 415.

340 1271 489 1319 poetae]
554 1270 599 1305 G.
628 1270 863 1306 Herinannus
890 1271 985 1319 Epit.
1010 1272 1054 1307 D.
1084 1272 1187 1307 Metr.
1216 1287 1250 1321 p.
1279 1274 1352 1308 254
1387 1277 1416 1307 τ’
1447 1273 1488 1308 οὗ
1520 1277 1571 1319 μὴ
1598 1273 1768 1320 coniecit,
1805 1289 1835 1309 τι
1866 1278 1919 1321 μὴ

224 1350 267 1372 ex
291 1336 474 1384 Hartungi
503 1336 710 1371 coniectura
738 1336 914 1385 Bergkius
940 1337 978 1372 in
1006 1344 1143 1373 textum
1168 1338 1313 1387 recepit.
1366 1339 1427 1375 Me
1452 1339 1571 1375 iudice
1596 1346 1691 1376 recte
1715 1339 1920 1377 Scholiasta

225 1402 270 1437 ad
298 1402 335 1438 h.
362 1402 396 1448 l.,
425 1404 472 1437 25
501 1402 611 1441 dixit:
641 1403 812 1446 αἰδοῦμαι
835 1408 894 1438 καὶ
923 1406 1162 1448 φυλάττομαι,
1190 1410 1292 1449 φησί,
1325 1405 1569 1450 διηγήσασθαι
1594 1411 1711 1451 μέγα
1735 1419 1766 1441 τι
1793 1410 1852 1441 καὶ
1879 1405 1922 1442 οὔ

224 1469 369 1508 δικαίως
403 1470 664 1513 ιετολμηλιιένον
699 1473 757 1503 καὶ
795 1475 1067 1515 πεπραγμένονῑ
1112 1468 1203 1505 vidit
1237 1469 1336 1505 enim
1370 1476 1467 1516 μέγα
1500 1483 1566 1520 pro
1593 1477 1690 1516 μέγα
1725 1485 1753 1506 τι
1780 1470 1918 1508 dictum

224 1548 312 1579 esse,
339 1541 378 1570 ut
403 1541 499 1580 μέγα
527 1535 638 1569 εἰπών
655 1535 759 1570 Nem.
784 1535 843 1580 VI,
866 1535 930 1570 30:
959 1535 1004 1570 cf.
1024 1535 1200 1570 Matthiae
1227 1535 1292 1575 Gr,
1308 1535 1372 1571 Gr.
1400 1549 1434 1584 p.
1458 1537 1573 1572 1081:
1601 1536 1688 1571 hinc
1713 1543 1812 1585 patet
1829 1537 1917 1573 Pin-

225 1600 352 1636 darum
380 1601 558 1650 cogitasse
586 1604 647 1635 καὶ
675 1602 786 1635 ecam
811 1605 963 1636 τοιοῦτόν
996 1616 1024 1636 τι
1053 1600 1103 1635 ὅτι
1131 1604 1181 1646 μὴ
1209 1603 1245 1636 ἐν
1273 1602 1354 1648 δίκα
1383 1602 1694 1647 κεκιν()“υνευ,ιιένον
1720 1602 1800 1646 ἐστί,
1838 1602 1860 1637 i.
1889 1616 1919 1639 e.

224 1680 293 1702 rem
318 1681 469 1713 nmquam
493 1673 525 1703 el
554 1681 641 1714 quae
668 1681 735 1703 non
762 1672 805 1703 sic
831 1673 988 1714 suscepta
1016 1672 1098 1703 iare.
1177 1667 1346 1703 Ceterum
1382 1667 1475 1703 miro
1503 1667 1612 1703 modo
1640 1667 1777 1703 fallitur
1804 1668 1918 1717 Leop.

225 1731 399 1768 Schmidt.
424 1732 446 1767 l.
476 1744 505 1767 c.
530 1746 563 1780 p.
596 1734 664 1768 125
691 1747 743 1780 sq.

335 1796 556 1845 novissima.]
612 1797 744 1846 Bergk.
773 1798 819 1834 ad
846 1798 882 1833 h.
906 1798 928 1833 l.
954 1797 1092 1847 ἀτρεκὲς
1120 1799 1362 1846 commendat,
1391 1813 1462 1847 quo
1487 1799 1665 1836 sententia
1692 1800 1872 1836 evertitur.

1451 1881 1463 1898 a·

969 1915 1059 1965 Pag.
1088 1918 1172 1951 416.

335 1979 556 2030 dictionem]
610 1980 704 2016 Add.
733 1981 877 2017 Dissen.
906 1981 953 2017 ad
982 1981 1115 2017 Tibull.
1146 1982 1172 2027 I,
1199 1984 1232 2028 8,
1261 1985 1320 2018 47.

339 2047 410 2093 69.]
465 2045 559 2082 Add.
588 2046 814 2082 Schneidew.
843 2046 888 2082 ad
918 2046 1056 2083 Simon.
1084 2047 1174 2083 Rell.
1200 2062 1234 2096 p.
1267 2050 1348 2084 113.
1375 2070 1422 2075 ——
1460 2048 1628 2084 Ceterum
1655 2061 1741 2085 cave
1768 2055 1870 2096 putes
1898 2064 1920 2087 a

223 2109 384 2146 Pindaro
420 2111 649 2147 mendacium
687 2112 946 2148 cmnmendari.
1017 2113 1107 2148 Loci
1141 2113 1214 2149 vim
1239 2127 1358 2162 neque
1385 2113 1580 2162 Naegelsb.
1610 2113 1788 2164 Theolog.
1814 2115 1919 2151 Post-

221 2175 319 2210 hom.
344 2189 378 2223 p.
406 2177 479 2211 240
506 2177 697 2225 perspexit,
722 2191 840 2225 neque
867 2177 1041 2214 Welcker.
1068 2178 1182 2226 Myth.
1210 2178 1274 2214 Gr.
1303 2179 1345 2214 T.
1371 2179 1418 2225 II,
1447 2192 1481 2227 p.
1507 2180 1591 2214 451.

971 2286 1022 2321 Pa
1052 2314 1060 2321 .
1088 2289 1174 2322 417.

336 2352 408 2386 413
437 2351 494 2397 a:]
521 2351 605 2388 add.
630 2357 766 2387 annott.
794 2350 842 2386 ad
869 2300 1049 2400 Apostoli}
1062 2352 1192 2388 Provv.
1222 2353 1340 2400 XVII,
1374 2354 1430 2388 62.
