2007 2635
930 173 981 212 10

103 298 204 320 mum
242 284 489 333 frequentanti
515 284 718 333 Aeginetae
753 283 953 330 notissimi,
992 283 1054 331 qui
1087 283 1173 319 laeti
1205 282 1253 319 ad
1281 283 1481 319 certamina
1504 284 1657 321 Isthmia
1683 283 1806 320 venire

102 364 145 385 ex
172 350 291 398 iisque
318 350 482 399 praemia
508 349 602 386 ferre
629 350 805 385 solerent:
835 363 867 385 v.
896 350 1001 385 Nem.
1030 349 1092 395 VI,
1120 351 1181 384 44.
1234 348 1277 384 Id
1303 349 1422 398 ipsum
1450 363 1502 385 vs.
1532 351 1578 385 30
1606 350 1807 386 accuratius

101 417 310 465 exponitur:
348 415 421 451 ἶλαι
449 416 567 463 enim⁷
603 430 694 464 quae
723 416 876 465 Spartae
900 425 1021 465 partes
1049 420 1119 451 τιῦν
1146 415 1290 462 dyadem!
1315 416 1530 452 dicebantur
1564 417 1610 465 (v.
1636 416 1806 464 Xenoph.

102 481 204 530 Reip.
233 482 368 517 Laced.
397 483 431 529 2,
458 485 482 517 4
509 481 598 529 ibiq.
627 481 756 516 Haasii
782 491 906 517 annot.
935 496 969 530 p.
993 483 1065 529 63),
1095 482 1155 517 hic
1183 495 1225 517 ex
1254 481 1407 516 aliorum
1435 482 1575 516 Dorum
1604 489 1642 516 ut
1669 480 1809 516 videtur

103 547 367 584 consuetudine
404 561 601 597 puerorum
637 547 740 582 chori
773 547 1004 596 appellantur
1042 555 1104 583 aut
1137 560 1263 583 eorum
1300 554 1439 595 partes:
1477 546 1612 582 Scholl.
1647 545 1694 580 ad
1721 545 1757 580 h.
1785 546 1807 581 l.

103 612 177 647 ῗλαι
206 614 242 647 αἱ
270 616 384 655 τάξεις
408 619 468 649 καὶ
496 615 531 649 αἱ
555 617 748 660 συστροφαὶ
771 616 841 647 τῶν
871 616 962 647 νὲιόν
988 614 1024 648 αἱ
1052 613 1088 648 ἐν
1116 617 1164 660 τῴ
1188 617 1289 661 χορῷ
1317 617 1526 659 γινόμεναιε
1553 626 1641 660 crgo
1669 611 1806 647 Pinda-

102 691 163 713 rus
191 678 272 726 pios
300 692 495 727 puerorum
529 679 662 714 choros
697 678 759 725 qui
796 678 834 713 in
862 678 1026 714 Isthmiis
1059 679 1156 714 circa
1183 679 1343 727 Neptuni
1378 692 1460 714 aras
1490 678 1566 714 eius
1594 677 1721 713 laudes
1749 689 1808 713 ca-

101 752 193 779 nunt
218 752 252 780 et
279 744 428 790 saltant,
466 744 606 779 honore
642 744 799 780 decorat.
855 744 893 780 Si
921 744 984 779 tali
1015 744 1053 779 in
1077 745 1189 779 choro
1219 744 1379 792 Pytheas
1405 743 1604 791 aliquando
1633 743 1810 778 excellue-

101 817 176 856 rat,
216 823 236 844 a
263 818 370 858 poeta
397 809 642 858 pulcherrime
670 810 897 857 praeclarum
922 810 1063 845 virtutis
1091 810 1254 857 Pytheae
1283 809 1541 845 documentum
1570 809 1606 844 in
1636 809 1706 844 hoc
1731 820 1810 843 car-

102 876 201 912 mine
230 875 393 911 nondum
419 882 744 910 commemoratum
772 888 869 910 nunc
897 876 1117 924 patefactum
1146 889 1225 911 esse
1253 883 1381 923 sponte
1409 884 1569 924 apparet.

219 942 274 976 78.
307 942 361 987 —]
419 943 560 975 ΙΙιῑνών
584 940 775 989 Bergkius.
831 941 905 976 Aut
931 941 1001 976 1100
1029 949 1090 976 aut
1118 947 1248 976 πίτνων
1277 940 1511 976 scribendum
1537 949 1601 976 est.

219 1005 352 1041 laudat.
384 1005 443 1055 —]
497 1006 587 1041 Post
614 1006 809 1042 Dissenum
839 1006 918 1042 VV.
950 1007 1028 1042 DD.
1057 1007 1169 1041 multa
1202 1006 1247 1042 de
1274 1007 1346 1042 1100
1373 1007 1453 1042 loco
1483 1007 1677 1043 commenti
1707 1015 1806 1043 sunt:

103 1072 167 1107 sed
195 1086 321 1108 omnes
350 1072 582 1108 difficultates
610 1072 776 1107 nondum
808 1080 1052 1108 removerunt.
1118 1072 1344 1108 Heimsoeth.
1373 1071 1468 1107 Add.
1503 1081 1536 1108 et
1564 1073 1667 1108 Corr.
1696 1087 1730 1121 p.
1760 1075 1805 1109 53

102 1136 267 1171 codicum
297 1138 512 1186 scripturam
539 1136 718 1172 defendit:
748 1138 878 1184 Bergk.
909 1137 955 1172 ad
980 1138 1016 1172 h.
1041 1138 1063 1172 1.
1091 1138 1182 1173 haec
1210 1139 1446 1173 annotavit“:
1476 1138 1596 1173 Locus
1625 1138 1810 1174 obscuris-

102 1203 232 1238 simus:
275 1203 337 1238 ubi
372 1203 484 1238 multo
519 1203 662 1238 facilius
698 1211 752 1239 est
786 1203 995 1238 criticorum
1031 1216 1172 1239 errores
1201 1204 1408 1250 confutare,
1450 1218 1559 1251 quam
1588 1205 1676 1252 quid
1703 1212 1810 1253 poeta

103 1269 287 1317 scripserit
322 1268 511 1317 indagare.
580 1268 764 1317 Hartung.
802 1268 863 1303 1110
901 1282 1045 1316 (1110(1110
1083 1270 1229 1305 molitus
1269 1270 1413 1319 scripsit
1446 1273 1620 1306 ποικίλων
1654 1272 1808 1318 ἔψευσας

104 1333 214 1379 ὕμνον
241 1338 298 1369 τόν
325 1349 377 1369 τοι
403 1335 635 1379 ,ιιὲῖίίῖξαντῳ
678 1338 738 1368 καὶ
762 1338 823 1369 νῦν
853 1337 928 1374 reos
953 1334 1101 1381 μα’ῑρως
1129 1335 1281 1381 ἀγάλλει
1316 1343 1437 1371 κοινὸν
1464 1336 1673 1384 ὁμόσπορον
1700 1338 1807 1376 ἔθνος

101 1404 269 1445 Πυθέας,
304 1401 437 1449 quibus
465 1401 628 1437 refutatis
656 1400 926 1436 Rauchenstein
955 1401 1088 1436 Philol.
1116 1402 1225 1448 XIII,
1262 1416 1296 1450 p.
1326 1404 1397 1437 261
1435 1403 1624 1451 proposuit
1644 1404 1805 1449 ἔψαυσας

105 1464 225 1511 ὕμνων
252 1468 362 1501 οἴκοι·
400 1467 570 1511 ,ιιεταῖξας
605 1467 640 1501 δὲ
676 1470 736 1500 καὶ
766 1469 828 1501 νῦν
862 1469 938 1505 τὲὸς
971 1469 1119 1514 μάτρως
1154 1466 1307 1512 ἀγάλλει
1335 1470 1433 1502 κὲῖθι
1462 1467 1670 1515 ὁμόσπορον
1696 1469 1804 1507 ἔθνος

102 1535 265 1571 Πυθέας·
295 1535 343 1579 τῴ
362 1535 487 1577 Νὲμέα
513 1535 587 1567 κτλ.
641 1533 690 1568 At
717 1534 818 1569 nullo
847 1534 958 1570 modo
986 1534 1074 1570 ferri
1102 1543 1219 1584 potest
1242 1535 1490 1570 nominativus
1518 1538 1686 1577 Πυθέας,
1721 1544 1808 1570 tunc

102 1598 199 1633 enim
228 1599 336 1633 etiam
361 1612 411 1633 vs.
440 1600 487 1632 48
517 1611 569 1645 sq.
599 1598 646 1633 ad
673 1598 943 1647 Euthymenem
971 1601 1212 1648 pertinerent:
1253 1601 1330 1649 ipse
1364 1601 1483 1648 potius
1511 1599 1625 1634 victor
1648 1599 1808 1647 Pytheas

102 1663 162 1697 hic
189 1671 310 1711 aperte
338 1662 405 1698 fuit
428 1663 714 1710 compellandus.
778 1665 907 1713 Neque
941 1680 1026 1701 vero
1055 1666 1227 1702 victoriae
1259 1680 1351 1713 quae
1379 1666 1550 1714 deinceps
1575 1673 1808 1700 recensentur

102 1740 182 1763 cum
211 1728 519 1764 Rauchensteinio
557 1729 637 1764 aliis
672 1730 719 1765 ad
746 1730 927 1778 Pytheam
964 1731 1177 1768 referendae
1205 1739 1304 1777 sunt,
1346 1731 1409 1767 sed
1444 1731 1491 1766 ad
1518 1731 1808 1778 Euthymenem:

101 1793 261 1842 Pytheas
287 1802 374 1829 tunc
399 1802 544 1842 praeter
571 1793 667 1829 hanc
685 1795 906 1832 Nemeaeam
931 1797 1070 1832 nullam
1089 1797 1230 1833 videtur
1257 1797 1447 1832 victoriam
1467 1796 1648 1831 retulisse:
1677 1803 1713 1830 at
1732 1794 1806 1830 Eu-

101 1860 293 1907 thymenes
321 1858 482 1894 Nemeae
510 1859 662 1906 vicerat,
691 1860 736 1895 ef.
765 1861 891 1896 Isthm.
919 1862 980 1908 VI⁷
1002 1864 1059 1897 61.
1088 1862 1129 1897 L.
1159 1862 1336 1898 Schmidt.
1366 1861 1425 1910 (de
1451 1861 1523 1897 Vit.
1544 1861 1651 1896 Pind.
1677 1875 1712 1909 p.
1736 1861 1806 1895 120

105 1927 173 1974 sq.)
201 1934 302 1974 putat
330 1925 420 1961 haec
447 1925 622 1961 facillime
649 1926 687 1960 in
723 1926 907 1975 integrum
932 1927 1073 1963 restitui
1101 1942 1229 1976 posse⁷
1268 1928 1298 1963 si
1328 1928 1527 1963 scribatur:
1565 1927 1635 1972 ἤτοι
1673 1926 1799 1971 ,amit-

102 1996 208 2033 ξαντα
236 2021 244 2029 .
268 2020 275 2026 .
296 2020 303 2026 .
331 1993 457 2031 ἔθνος·
486 1994 617 2038 Πυθέα
645 1991 667 2026 ἁ
690 1996 816 2037 Νομία
844 1995 928 2037 κτλ.,
957 2001 1116 2029 ceterum
1144 2007 1294 2042 prorsus
1321 1993 1553 2028 incredibilia
1581 2001 1682 2037 sunt,
1712 2005 1804 2039 quae

103 2056 147 2092 de
174 2057 389 2104 explicando
417 2057 489 2092 hoc
515 2057 596 2092 loco
634 2057 671 2092 in
712 2058 873 2093 medium
908 2059 1068 2107 protulit.
1123 2059 1165 2094 T.
1189 2059 1434 2094 Mommsenio
1462 2058 1703 2094 Ursinianum
1730 2063 1806 2102 μετ’

104 2120 250 2163 ἀΐξαντα
279 2149 286 2157 .
304 2150 311 2157 .
340 2126 490 2161 Πυθέας
516 2122 643 2171 placet.
698 2123 864 2171 Denique
891 2124 921 2159 F
926 2124 1148 2170 riede1·ichs.‚
1174 2124 1231 2159 0111
1255 2124 1531 2172 corruptissima
1558 2136 1723 2171 quaeque
1750 2123 1806 2158 in-

106 2187 302 2235 tegerrima
324 2187 502 2233 videntur,
541 2187 601 2222 hic
629 2200 773 2234 quoque
800 2188 894 2224 nihil
922 2189 1073 2225 omnino
1101 2188 1312 2224 novandum
1349 2202 1518 2235 censens,
1560 2188 1672 2223 verba
1710 2188 1808 2223 hunc

102 2253 141 2287 111
175 2253 326 2288 1110(111111
357 2253 502 2288 ordinat
530 2257 681 2293 Πυθέας
705 2253 860 2300 dysme
897 2256 1005 2294 ἔθνος
1036 2257 1269 2300 Λιιειιίΐξαντα,
1304 2255 1340 2290 11.
1375 2269 1404 2291 0.
1439 2255 1621 2300 ,mercii-§am
1688 2253 1801 2301 Equi—

103 2319 185 2354 dem
207 2319 270 2354 sed
288 2318 496 2354 dubitanter
514 2327 553 2354 ut
570 2333 637 2367 par
653 2328 707 2356 est
725 2321 882 2356 conieci:
904 2321 922 2367 ἧ
942 2336 993 2357 τοι
1012 2323 1192 2367 μεταΐξας,
1211 2326 1252 2357 τὰ
1272 2327 1331 2357 καὶ
1351 2326 1412 2357 νῦν
1431 2325 1504 2361 τεὸς
1522 2325 1670 2368 μα’τρως
1685 2320 1804 2366 ἀγάλ-

101 2389 157 2420 λει
183 2386 309 2420 κεδνὸν
337 2384 544 2433 ὁμόσπορον
571 2386 687 2432 ἔθνος,
716 2390 866 2430 Πυθέα,
895 2385 924 2435 ᾧ
953 2391 1080 2432 Νεμέα
1107 2393 1173 2433 μὲν
1201 2389 1360 2436 ἄραρεν,
1395 2388 1431 2423 11.
1460 2401 1489 2424 0.
1514 2393 1548 2424 tu
1574 2401 1656 2424 vero
1685 2401 1704 2423 0
1729 2388 1803 2434 Py-
