2007 2635
919 223 939 254 4

310 307 419 339 Sicilia
451 307 615 347 habebat]
666 307 714 338 De
748 306 807 337 hac
840 306 948 337 fabula
988 317 1015 337 v.
1046 306 1204 337 uberrime
1235 305 1450 347 disputantem
1491 308 1645 339 Ebertum

223 350 326 381 Σικελ.
349 351 373 388 Ι,
398 362 428 392 p.
457 351 496 380 13
520 350 589 381 coll.
614 349 810 390 Marquardt.
835 350 873 380 de
896 349 998 390 Cyzic.
1021 349 1142 379 dissert.
1168 360 1197 390 p.
1228 349 1297 380 121.

311 393 364 425 Gr.
389 405 420 435 p.
445 394 522 433 642]
554 395 586 424 et
614 393 771 434 Kruegeri
795 392 848 423 Gr.
873 392 926 423 Gr.
951 392 986 422 T.
1012 392 1060 429 ΙΙ,
1089 393 1116 432 §-
1141 392 1197 428 47.
1223 393 1272 423 28.
1299 411 1337 414 —
1370 394 1574 427 Καιένευσεν,
1607 404 1645 424 ex

225 436 365 468 Homero
388 437 490 474 fluxit,
514 436 551 467 Il.
577 438 616 473 A,
643 437 714 467 524.
740 438 775 473 K,
801 437 880 467 393:
905 436 1098 467 contrarium
1121 437 1169 466 est
1191 434 1370 473 ἀνανεύειν,
1395 436 1431 467 Il.
1456 439 1492 474 Z,
1517 437 1589 466 311.

839 479 885 509 Pa
911 504 916 509 .
943 479 1015 509 360.

312 523 407 564 Pyth.
433 522 504 559 XII.
530 523 596 562 24.]
642 522 727 553 Bene
741 521 845 553 Schol.
871 489 910 553 3111
934 522 964 552 11.
986 522 1017 557 1.,
1043 522 1098 552 23:
1131 520 1197 551 οἷον
1219 521 1365 562 μνήμονα
1389 521 1546 562 πολέμου,
1577 521 1648 552 ἐπι-

225 566 376 607 στήμονα,
399 564 456 596 οὐκ
471 564 650 605 ἀμελοῦντα
672 567 733 594 τῶν
754 565 943 604 πολεμικῶν,
968 564 1052 594 ἄλλα
1073 566 1320 604 κατατιθέμενον
1341 565 1377 596 ἐν
1398 568 1440 607 τῷ
1463 568 1508 606 νῷ
1531 565 1578 596 ὅτι
1601 564 1651 595 δεῖ

225 608 528 650 παρασκευάζεσθαι
549 608 593 644 εἷς
621 608 656 638 u}
681 607 835 647 πολεμικὰ
861 607 981 639 διόλοψ
1008 607 1120 647 ὅμοιον
1139 610 1181 649 τῷ
1205 607 1431 649 Μήστωρες
1454 608 1551 650 α’ϋτη
1561 620 1585 645 ς,
1608 607 1646 639 Π.

225 655 261 691 Δ,
288 654 368 684 328:
393 652 461 683 add.
487 651 625 683 Lobeck.
652 651 798 682 Rhemat.
825 663 854 693 p.
882 652 951 682 129.

312 695 469 737 particula
492 694 556 735 δή.]
602 694 649 725 De
681 695 830 726 adverbio
858 696 973 733 θαμὰ
998 694 1149 725 Dissenus
1177 705 1215 725 ex
1245 694 1399 725 Boeckhii
1427 695 1585 726 sententia
1615 695 1649 725 in

229 739 319 771 Nott.
353 739 435 769 critt.
465 739 503 769 ad
530 738 622 769 Pind.
652 737 777 779 Olymp.
811 738 884 773 VII,
912 739 947 768 11
972 738 1116 779 exposita
1144 738 1268 773 statuit.
1300 738 1353 769 sed
1383 741 1467 769 recte
1491 738 1649 780 Bergkius

227 783 336 814 Melet.
359 782 448 822 lyric.
474 792 555 822 spec.
579 781 650 812 Hal.
678 782 758 812 1859
783 793 812 822 p.
838 781 885 812 IV
907 780 1003 820 θαῖμα
1026 782 1159 812 accentu
1188 781 1305 821 rejecto
1334 782 1388 812 ubi
1410 783 1505 813 simul
1528 781 1651 822 signifi-

228 828 281 857 cat
310 825 511 856 scribendum
542 835 607 855 esse
635 826 885 864 0011001,θαμα
915 824 970 854 11111
993 824 1192 865 frequenter:
1225 824 1284 855 hoc
1309 824 1377 856 1000
1400 825 1513 864 θοὶμα,
1546 824 1650 861 simul,

230 872 325 911 poeta
348 869 464 904 voluit.
495 869 531 898 ut
555 870 681 916 praeter
705 868 767 898 alia
790 879 817 898 v.
841 868 998 907 μιχθέντα
1021 868 1144 904 suadet.
1169 867 1206 897 de
1230 878 1292 908 quo
1317 879 1344 898 v.
1369 868 1461 899 infr.:
1493 868 1536 909 δὴ
1560 870 1596 898 ut
1618 868 1651 898 in

229 912 278 943 ὅτε
302 912 359 952 δὴ,
383 911 451 941 ἐπεὶ
474 910 512 951 δὴ
536 913 568 941 et
600 911 701 941 simm.
734 912 881 952 positum.
937 910 1083 941 Ceterum
1107 921 1134 940 v.
1159 910 1231 941 infr.
1258 922 1285 941 v.
1311 911 1360 941 22.
1385 911 1476 943 Nem.
1501 912 1549 948 II,
1573 912 1592 942 9
1619 912 1652 941 et

230 956 299 987 add.
327 955 443 986 Scholl.
468 954 506 984 ad
529 953 560 984 h
584 954 621 984 l..
652 954 712 984 ἔστι
736 953 770 984 δὲ
794 957 846 984 καὶ
869 953 966 989 οὕτως
989 952 1184 991 ἄναγνωναι·
1208 954 1388 993 ἵππαιχμόν
1410 953 1445 984 θ’
1467 954 1536 994 ἅμα
1559 954 1608 995 δή.

317 998 364 1029 Ol.
389 998 414 1034 I,
439 998 504 1037 22.]
550 996 595 1027 Ut
618 996 793 1035 ζευγνύναι,
817 996 1023 1037 κεραννύναι,
1048 997 1159 1033 πελᾶν,
1183 997 1226 1027 010
1248 998 1424 1036 μίγνυσθαι
1447 1009 1465 1028 a
1488 998 1592 1039 poetis
1614 997 1652 1028 de

231 1041 452 1073 coniunctione
476 1040 621 1081 proxima
652 1043 684 1071 et
706 1041 881 1071 arctissima
906 1040 1051 1071 adhiberi
1073 1041 1166 1076 00101,
1200 1052 1228 1070 v.
1254 1051 1320 1081 sup.
1346 1052 1373 1071 v.
1400 1043 1428 1078 6,
1455 1041 1596 1072 Erfurdt.
1621 1042 1654 1072 et

232 1085 390 1126 Musgrav.
416 1084 454 1114 ad
478 1083 575 1124 Soph.
600 1083 712 1125 Antig.
739 1085 832 1121 1295,
857 1083 1042 1115 Schwenck.
1066 1085 1105 1115 ad
1129 1083 1242 1114 Aesch.
1268 1084 1400 1115 Eumen.
1426 1085 1496 1115 186.

319 1127 426 1159 Sicilia
449 1127 566 1167 offert]
591 1127 668 1158 Voc.
693 1129 830 1166 καιρὸν
846 1129 940 1168 poeta
964 1129 1120 1157 asseverat
1141 1137 1178 1157 ea
1193 1138 1273 1167 quae
1290 1127 1383 1158 modo
1403 1127 1541 1165 dixisset,
1566 1129 1653 1158 recto

233 1172 379 1211 iustoque
402 1170 495 1201 modo
524 1170 648 1210 prolata
677 1181 756 1201 esse:
782 1170 872 1201 Pind.
898 1169 945 1200 Ol.
971 1170 1017 1207 ΙΙ,
1043 1172 1083 1201 53
1113 1171 1202 1210 φέρει
1225 1171 1287 1199 τῶν
1309 1181 1339 1200 τε
1369 1172 1422 1200 καὶ
1443 1173 1505 1201 τῶν
1528 1171 1652 1211 καιρόν,

233 1215 302 1245 add.
327 1214 452 1245 Solonis
475 1214 563 1252 παρὰ
588 1216 717 1253 καιρὸν,
743 1214 826 1254 quod
849 1214 883 1244 in
905 1213 1044 1244 carmine
1068 1213 1143 1244 olim
1167 1213 1248 1244 male
1272 1213 1356 1245 inter
1379 1213 1586 1255 Theognidea
1609 1225 1652 1245 VS.

236 1259 295 1289 197
311 1269 378 1298 sqq.
404 1257 502 1287 relato
526 1258 629 1287 exstat
646 1259 793 1297 recteque
817 1257 857 1287 ab
870 1256 1011 1297 Bergkio
1038 1257 1076 1287 ad
1089 1256 1233 1298 Theogn.
1251 1257 1311 1287 199
1336 1257 1528 1298 explicatum
1543 1259 1598 1289 est.
1614 1276 1652 1279 —-

234 1302 312 1332 Cum
339 1302 408 1331 toto
436 1300 578 1330 membro
602 1300 731 1330 πολλῶν
751 1324 757 1330 .
778 1300 915 1339 ,βαλών
938 1310 1108 1340 componas
1136 1299 1226 1330 Pind.
1252 1299 1344 1331 Nem.
1363 1300 1456 1338 VIII,
1480 1302 1521 1331 20
1547 1300 1653 1331 πολλοὶ

233 1356 293 1385 γαρ
318 1343 424 1381 πολλᾷ
448 1342 599 1373 λέλεκται.

320 1374 466 1426 iustitia]
514 1385 616 1416 Nimis
640 1386 780 1426 quaesite
804 1386 964 1416 Dissenus.
1011 1385 1165 1416 Fabulam
1188 1387 1225 1417 de
1251 1387 1374 1428 origine
1397 1385 1560 1417 felicitatis
1576 1383 1655 1416 Sici-

234 1431 294 1461 liae
318 1430 438 1461 insulae
463 1432 556 1470 poeta
578 1430 700 1465 11100111,
725 1432 761 1459 ut
783 1429 821 1459 iis
837 1421 1036 1460 fundamenti
1058 1430 1128 1460 loco
1148 1430 1198 1466 sit,
1224 1441 1303 1470 quae
1300 1413 1357 1461 ode
1374 1428 1515 1461 Chromii
1529 1428 1655 1459 victoris

234 1474 326 1504 laude
349 1474 382 1504 in
405 1473 612 1513 sequentibus
628 1473 809 1513 prolaturus
832 1474 895 1503 est:
921 1473 1038 1503 virtute
1056 1473 1140 1504 enim
1158 1474 1280 1513 patriae
1299 1473 1434 1514 probata
1452 1471 1655 1513 pronioribus

235 1517 364 1548 auribus
390 1516 546 1547 auditores
569 1518 676 1556 sperat
698 1516 765 1547 fore
789 1517 826 1546 ut
848 1516 1024 1556 excipiant,
1059 1527 1139 1557 quae
1164 1517 1201 1547 de
1224 1517 1302 1548 civis
1325 1516 1416 1548 laude
1440 1514 1652 1557 proferantur.

854 1558 931 1600 Pag.
956 1559 1028 1589 361.

322 1602 494 1642 debebaffl]
540 1602 610 1633 VV.
635 1602 746 1632 ἔσταν.
761 1625 767 1631 .
782 1627 788 1632 .
803 1603 988 1642 κεκόσμηται
1011 1602 1050 1633 ad
1074 1602 1206 1633 chorum
1230 1614 1267 1634 ex
1290 1602 1496 1643 Syracusanis
1519 1604 1655 1634 electum

235 1648 389 1687 spectant.
414 1646 468 1686 qui
481 1645 665 1676 Chromium
688 1656 771 1676 nunc
782 1644 960 1676 Aetnaeum
983 1647 1067 1676 10010
1084 1645 1266 1686 φιλόξεινον
1289 1647 1458 1687 praedicat.
1477 1665 1515 1669 —-
1547 1645 1654 1677 Scribe

236 1689 350 1728 θάμαε
378 1700 406 1719 v.
434 1689 473 1719 ad
495 1699 539 1719 vs.
566 1689 615 1719 17.
641 1707 679 1710 —
712 1687 940 1725 Ἀλλοδαπῶν,
971 1689 1010 1719 ad
1032 1688 1205 1720 Pindarum
1227 1689 1337 1720 referri
1369 1690 1462 1720 debet
1490 1690 1524 1720 in
1547 1688 1656 1720 Sicilia

237 1732 298 1763 hoe
321 1733 388 1773 ipso
404 1734 546 1772 tempore
569 1732 746 1773 degentem.
762 1751 801 1753 —
824 1731 935 1771 Δόμοι,
960 1732 1100 1772 1111110110,
1124 1733 1162 1763 de
1183 1733 1312 1764 aedibus
1325 1733 1596 1774 splendidissimis.
1616 1750 1655 1753 —

237 1775 342 1806 Aliter
372 1775 409 1806 de
440 1775 500 1805 1100
530 1775 598 1806 1000
627 1776 807 1806 statuerunt
835 1775 1029 1806 Rauchenst.
1051 1775 1072 1806 1.
1105 1786 1129 1806 0.
1163 1787 1193 1817 p.
1226 1777 1287 1806 124
1318 1778 1350 1807 et
1377 1775 1473 1817 Leop.
1503 1775 1655 1806 Schmidt.

238 1819 258 1849 l.
283 1830 307 1849 0.
334 1830 363 1859 p.
387 1819 449 1849 455
473 1829 541 1858 sqq.

859 1861 935 1902 Pag.
962 1862 1034 1893 362.

325 1904 512 1935 collocatum
535 1904 601 1944 sit.]
647 1903 745 1944 Tych.
770 1903 956 1941 Mommsen⁷
980 1905 1036 1945 qui
1058 1906 1169 1935 contra
1192 1904 1319 1936 Disseni
1342 1905 1538 1945 aliorumque
1560 1905 1659 1935 inter-

241 1949 367 1988 pretum
390 1947 633 1987 explicationem
662 1948 696 1978 in
719 1947 851 1978 Ritsehl.
877 1950 909 1979 et
932 1947 1095 1979 Welckeri
1126 1947 1206 1979 Mus.
1232 1948 1373 1979 Rhenan.
1400 1947 1434 1977 T.
1460 1948 1516 1984 IV.
1541 1959 1570 1989 p.
1595 1948 1658 1978 554

241 1990 430 2031 disputavit,
456 1990 489 2020 in
513 1991 650 2021 editione
679 1991 727 2021 his
750 1991 854 2022 verbis
876 1993 989 2032 poetae
1012 1992 1201 2022 sententiam
1225 1992 1396 2032 expressit:
1433 1991 1563 2021 »innata
1585 2001 1657 2021 vero

240 2035 288 2064 est
310 2033 435 2074 (sortito
459 2034 576 2073 evenit)
598 2034 636 2064 iis
662 2045 716 2074 qm
735 2034 835 2065 bonos
857 2035 1035 2076 vituperare
1059 2035 1162 2065 solent
1184 2045 1234 2065 ars
1256 2035 1379 2065 fumum
1404 2035 1554 2075 [gloriae]
1577 2044 1659 2074 aqua

242 2076 523 2117 [reprehensionis]
545 2077 774 2118 restinguendi.
821 2077 911 2108 Aliae
944 2078 1077 2108 aliorum
1109 2079 1201 2108 artes.
1247 2077 1321 2109 Non
1354 2089 1423 2108 mea
1450 2078 1541 2108 ista«.
1587 2077 1656 2117 Ego

242 2121 401 2161 coniungo
424 2119 572 2158 λέλογχεν
595 2122 810 2160 μεμφομένοις
842 2120 953 2156 ἐσλοῖς
976 2123 1007 2151 et
1030 2121 1220 2162 proverbiali
1251 2132 1345 2152 sensu
1368 2133 1395 2151 v.
1420 2121 1542 2155 καπνὸς
1565 2120 1602 2150 de
1625 2131 1657 2150 re

242 2174 323 2193 vana
350 2165 382 2193 et
409 2163 528 2193 nullius
555 2164 650 2204 pretii
679 2164 796 2194 dictum
834 2175 900 2195 esse
931 2166 1025 2205 puto.
1061 2163 1175 2195 Scholl.
1211 2164 1249 2195 ad
1279 2165 1410 2205 Alistop
1412 2164 1441 2194 h.
1472 2163 1556 2194 Nub.
1582 2163 1657 2193 253:

241 2217 277 2236 τα
299 2217 360 2245 γαρ
381 2205 514 2246 μηδενὸς
536 2206 612 2243 ἄξια
629 2217 771 2242 καπνοις
786 2209 838 2236 καὶ
862 2210 950 2242 σκιὰς
972 2218 1025 2236 και
1048 2206 1186 2247 νεφέλας
1207 2207 1382 2247 ωνόμαζον,
1389 2175 1595 2247 pquibuscum
1618 2205 1658 2236 cf.

243 2260 323 2289 quae
351 2249 461 2290 scripsi
491 2250 523 2280 111
555 2252 678 2280 annott.
710 2250 748 2280 ad
776 2250 922 2291 Α.1111οΠ(1
948 2250 1058 2281 Provv.
1084 2250 1141 2288 III,
1166 2251 1207 2281 44
1231 2250 1266 2281 T.
1290 2251 1305 2282 I
1328 2251 1470 2281 Paroem.
1496 2250 1603 2280 Graec.
1627 2250 1660 2280 et
